4730 6049
1110 608 1241 675 140
2286 605 2359 673 Β.
2435 605 2638 672 TER
2707 606 3001 671 HAAR

1106 815 1367 897 Apostoli
1420 814 1527 876 hac
1588 834 1724 876 voce
1777 812 1959 892 magis
2014 813 2271 895 explicite
2328 813 2672 875 Historicam
2724 831 2970 876 omum
3023 814 3421 895 apparitionem
3437 858 3454 887 ,
3497 814 3614 875 eius
3655 815 3828 877 vitam
3843 860 3860 889 ,
3901 822 4140 877 mortem
4153 860 4170 889 ,

1108 918 1565 981 resurrectionem
1622 938 1687 978 ac
1748 918 2042 977 coelestem
2100 916 2338 993 gloriam
2391 916 2727 978 denotarunt
2740 962 2756 991 ,
2811 916 3012 998 quippe
3065 936 3206 997 quae
3259 922 3540 977 aeternam
3579 917 3900 979 hominibus
3939 919 4171 979 salutem

1111 1020 1327 1082 afferret
1339 1044 1357 1098 3
1424 1026 1479 1081 et
1538 1040 1705 1100 quum
1761 1020 1874 1081 iam
1930 1018 2303 1080 vetustissima
2344 1025 2496 1080 aetas
2537 1020 2908 1081 arctissimum
2947 1026 3112 1099 atque
3149 1018 3588 1079 indissolubilem
3629 1040 3829 1081 nexum
3845 1062 3861 1091 ,
3903 1019 4001 1099 qui
4041 1036 4171 1079 lusu

1107 1124 1279 1183 vitam
1320 1122 1468 1182 inter
1505 1143 1571 1183 ac
1610 1128 1848 1182 mortem
1888 1126 1947 1183 et
1985 1121 2276 1182 hominum
2320 1122 2554 1181 salutem
2594 1120 2986 1193 intercederet,
3027 1121 3172 1181 bcne
3213 1119 3544 1201 perspiceret
3559 1166 3574 1193 ,
3615 1120 3764 1181 idem
3799 1120 3938 1182 iilud
3971 1140 4170 1181 nomen
4259 1108 4266 1113 ¹

1104 1225 1321 1305 scriptis
1375 1224 1613 1285 inditum
1675 1228 1789 1297 est,
1845 1242 1987 1302 quae
2040 1240 2179 1283 usu
2227 1222 2405 1283 vitam
2449 1228 2730 1285 enarrant.
2811 1224 2899 1284 ef.
2943 1224 3030 1283 Cl.
3076 1238 3408 1295 senon-rau,
3447 1222 3509 1281 in
3550 1224 3838 1305 Bijbeloek
3885 1224 4173 1285 Woorden·

1100 1331 1233 1389 boch
1269 1346 1404 1387 οσον
1442 1330 1539 1387 hec
1586 1325 1914 1401 Christelijk
1947 1327 2137 1401 quin,
2180 1326 2252 1387 T.
2294 1328 2348 1385 Ι.
2387 1324 2458 1386 ad
2493 1345 2710 1387 rocem.

1184 1430 1247 1510 5)
1288 1434 1566 1505 Κήρυγμι
1606 1430 1721 1489 τῶν
1761 1428 2146 1488 ‘Anam-um.
2236 1428 2339 1489 cff.
2381 1431 2513 1489 Act.
2554 1430 2619 1488 1:
2681 1432 2777 1487 22.
2830 1428 2926 1487 11:
2974 1432 3049 1486 22
3093 1446 3215 1507 sqq.
3257 1428 3344 1489 X:
3391 1432 3468 1487 36
3511 1431 3570 1488 et
3607 1427 3720 1487 loci
3755 1447 3803 1488 s.
3846 1426 3942 1487 cit.
3989 1426 4170 1486 aeFor·

1095 1535 1247 1593 mula
1311 1536 1378 1593 ‘rb
1441 1534 1701 1607 κήρυγμα
1758 1531 1819 1590 in
1868 1529 2105 1610 Scriptis
2159 1532 2239 1591 N.
2300 1532 2372 1591 Τ.
2438 1530 2520 1589 sic
2579 1531 2826 1609 usurpari
2883 1530 3025 1591 solet
3043 1574 3057 1601 ,
3130 1536 3193 1590 ut
3253 1528 3686 1609 comprehendat
3747 1528 3969 1601 omnia,
4031 1546 4171 1607 quae

1096 1634 1353 1715 Apostoli
1410 1654 1533 1694 cum
1588 1632 1810 1693 Iudaeis
1863 1632 2233 1711 gentibusque
2288 1631 2494 1694 exteris
2550 1632 3058 1709 communicarunt5
3117 1631 3200 1692 uti
3257 1636 3290 1690 1
3335 1632 3467 1691 Cor.
3521 1634 3587 1691 1:
3651 1636 3760 1705 26,
3801 1632 3896 1693 11:
3939 1638 3978 1691 4
4020 1627 4169 1689 alibi.

1098 1738 1399 1819 Praecipua
1456 1756 1649 1801 eorum
1700 1756 1828 1817 pars
1884 1736 2211 1796 cernebatur
2264 1735 2325 1795 in
2365 1735 2532 1795 rebus
2571 1750 2847 1806 cumen,
2889 1752 3030 1813 quae
3069 1734 3141 1794 ab
3175 1731 3274 1791 illo
3315 1736 3590 1812 tempore,
3633 1752 3741 1811 quo
3783 1730 3952 1791 sacris
3988 1729 4171 1790 initia-

1098 1839 1263 1899 batur
1326 1858 1361 1897 a
1422 1854 1651 1899 mamm
1668 1880 1684 1909 ,
1748 1840 2047 1919 evenerant
2062 1880 2079 1909 ,
2140 1834 2319 1895 donec
2377 1835 2438 1894 in
2493 1836 2677 1895 coelos
2719 1833 3143 1917 susciperetur.”
3227 1837 3369 1895 Sunt
3409 1835 3580 1897 verba
3614 1836 3702 1897 Cl.
3743 1850 4032 1895 nucum
4047 1878 4064 1905 ,
4105 1832 4166 1893 in

1098 1940 1317 2001 Comm.
1376 1939 1444 1999 ad
1504 1944 1537 1999 1
1588 1939 1831 2019 Gora-p.
1886 1941 1983 2003 71.
2062 1938 2243 1998 Lectu
2278 1935 2635 2014 dignissimus
2673 1957 2890 2016 quoque
2929 1941 3014 1996 est
3055 1936 3142 1997 01.
3188 1952 3522 2007 senona-nn,
3563 1936 3629 1995 de
3669 1938 3809 1995 Lm
3847 1936 3948 1994 der
3985 1936 4163 1997 Hera.

1095 2046 1254 2103 Kerk
1292 2044 1355 2103 in
1394 2046 1531 2102 hare
1568 2042 2079 2118 qrondbeqimelen,
2132 2040 2204 2099 T.
2240 2040 2295 2100 1.
2335 2060 2394 2119 p.
2440 2042 2780 2101 245—247.
2865 2039 2995 2099 nDe
3036 2039 3674 2117 Historisch·religieuse
3712 2038 4167 2117 Christus-predi·

1096 2146 1237 2222 king
1292 2146 1359 2205 of
1404 2145 1504 2205 het
1554 2147 1832 2221 κηρύγμι.
1914 2141 2277 2205 Kenmerken
2332 2160 2442 2201 van
2481 2140 2580 2200 bet
2621 2143 2900 2216 κῆρυγμει.
2981 2140 3467 2219 Ouderscheiding
3508 2160 3616 2201 van
3661 2141 3902 2218 hetgeen
3941 2146 4030 2201 tot
4067 2140 4164 2201 het

1054 2270 1059 2275 ·
1096 2252 1359 2325 κῆρηγμι
1414 2267 1484 2309 en
1538 2248 1782 2324 hetgeen
1836 2250 1923 2307 tot
1976 2244 2049 2305 de
2101 2244 2374 2321 biografie
2415 2262 2523 2303 van
2563 2260 2732 2333 rasus
2773 2244 3072 2305 behoort.''
3115 2278 3197 2303 -ε
3239 2245 3508 2306 Subtilius
3551 2249 3738 2304 tamen
3776 2244 3902 2317 hic,
3944 2239 4006 2303 in
4043 2242 4168 2305 affe·

1092 2350 1281 2412 rendis
1336 2371 1405 2412 ac
1458 2348 1787 2411 definiendis
1824 2348 1991 2409 huius
2031 2350 2390 2422 κηρύγματος
2430 2346 2582 2407 notis
2622 2347 3080 2407 characteristicis
3119 2368 3176 2429 p.
3221 2352 3338 2407 246
3355 2391 3373 2420 ,
3413 2346 3729 2407 distinxisse
3767 2346 3910 2407 mihi
3943 2344 4166 2407 videtur

1091 2452 1241 2513 inter
1292 2470 1431 2515 msa
1482 2453 1631 2513 facta
1684 2472 1751 2513 ac
1811 2453 1927 2513 fata
1942 2496 1959 2523 ,
2012 2450 2162 2511 inter
2214 2470 2309 2520 ea,
2363 2468 2506 2528 quae
2560 2466 2726 2516 rasus
2778 2450 2896 2531 ipse
2949 2451 3224 2531 peregerit
3239 2494 3256 2525 ,
3313 2458 3370 2512 et
3410 2470 3552 2531 quae
3604 2468 3742 2511 msa
3793 2450 3901 2531 ipsi
3953 2449 4162 2513 accide-

1092 2555 1229 2616 rint.
1304 2556 1364 2615 N
1366 2555 1623 2615 imiruml
1715 2554 1880 2615 Licet
1938 2569 2199 2614 mamma
2252 2568 2390 2613 meu
2449 2551 2512 2611 in
2569 2552 2740 2613 vitam
2788 2552 3030 2613 reditum
3091 2554 3174 2615 ita
3231 2559 3534 2635 proponat,
3597 2560 3660 2614 ut
3709 2552 3937 2615 dubium
3993 2552 4164 2613 videri

1088 2656 1296 2739 possit,
1362 2663 1547 2719 utrum
1604 2655 1700 2717 hic
1762 2656 1835 2717 ad
1886 2673 2025 2716 mu
2082 2656 2232 2717 facta
2286 2676 2359 2716 an
2415 2656 2532 2717 fata
2585 2657 2659 2719 sit
2713 2656 3032 2718 referendus
3046 2703 3062 2730 ,
3114 2658 3403 2739 Syuoptici
3453 2678 3520 2719 ac
3570 2673 3796 2717 nunus
3847 2656 3997 2717 haud
4049 2656 4158 2733 ita;

1088 2766 1253 2842 atque
1314 2760 1385 2821 ad
1442 2762 1841 2841 Apostolorum
1902 2761 2163 2835 κήρυγμα
2222 2778 2444 2839 quoque
2497 2758 2802 2840 pertinere,
2865 2760 2998 2839 quid
3059 2777 3226 2822 nisus
3277 2780 3562 2841 perpessus
3613 2759 3718 2833 sit,
3777 2778 3946 2821 nemo
4003 2760 4164 2821 facile

1084 2864 1333 2943 negabit.
3987 2930 3994 2937 ,

1170 2966 1229 3048 ὃ)
1285 2966 1472 3028 Multo
1534 2966 1710 3042 magis
1770 2970 2039 3027 narratae
2098 2964 2407 3026 Historiae
2420 3009 2436 3037 ,
2502 2983 2664 3042 quam
2723 2966 3006 3044 expositae
3063 2967 3365 3029 doctrinae.
3463 2965 3597 3026 Hoc
3655 2964 3890 3028 minime
3942 2966 4166 3044 negavit

1086 3087 1315 3132 Pncsu‘r
1333 3114 1350 3143 ,
1406 3072 1460 3128 le
1522 3068 1721 3128 Christ
1773 3075 1831 3128 et
1886 3070 1946 3127 h
1998 3067 2343 3138 eonscienoe;
2401 3067 2574 3128 immo
2631 3087 2762 3128 vero
2816 3069 3081 3131 laudabili
3136 3069 3248 3132 veri
3305 3067 3486 3130 studio
3541 3069 3652 3129 hoc
3699 3071 3862 3150 plane
3900 3069 4160 3146 agnovit,

1086 3173 1173 3237 uti
1225 3191 1283 3252 p.
1342 3175 1494 3232 215:
1562 3171 1723 3232 aeLes
1774 3169 2016 3252 Apdtres
2072 3174 2174 3231 ont
2228 3169 2480 3232 converti
2533 3171 2590 3231 le
2647 3169 2878 3244 monde,
2933 3191 3048 3232 non
3103 3192 3202 3253 par
3251 3191 3360 3232 une
3416 3169 3700 3243 doctrine,
3754 3168 3894 3230 maia
3942 3189 4044 3249 par
4086 3190 4166 3230 un

1086 3275 1247 3338 recit.
1326 3275 1423 3334 Au
1474 3273 1589 3334 lieu
1641 3273 1713 3334 de
1750 3272 1983 3354 precher
2018 3271 2169 3334 Dicu
2206 3278 2266 3333 et
2304 3275 2361 3334 la
2405 3277 2562 3334 vertu
2577 3318 2593 3346 ,
2635 3273 2706 3334 ils
2746 3279 2846 3334 ont
2884 3274 3116 3335 racont6
3153 3295 3258 3354 que
3297 3275 3350 3336 le
3391 3272 3532 3336 Pera
3573 3273 3778 3334 celeste
3791 3317 3807 3344 ,
3847 3271 4056 3332 touch6
4093 3271 4164 3332 de

1088 3378 1433 3458 compassion
1452 3421 1469 3452 ,
1525 3378 1672 3438 avait
1726 3374 1943 3453 envoy6
1988 3394 2091 3436 son
2131 3375 2221 3434 fils
2263 3392 2335 3434 au
2374 3373 2580 3434 monde
2621 3393 2761 3454 pour
2801 3394 2995 3438 sauver
3034 3377 3116 3436 les
3155 3374 3446 3456 pecheurs.
3521 3376 3607 3436 La
3646 3374 3798 3455 piete
3837 3373 4162 3436 chretienne

1013 3465 1019 3471 ’
1084 3502 1119 3542 a
1175 3481 1289 3561 pris
1336 3479 1625 3540 naissance
1678 3478 1827 3542 dans
1876 3481 2025 3540 cette
2082 3476 2401 3537 Histoirc.''
2455 3499 2512 3558 p.
2555 3481 2708 3538 196:
2791 3478 3040 3538 nQu’est
3097 3497 3160 3540 ce
3211 3478 3309 3558 qui
3349 3477 3558 3540 toucha
3595 3480 3677 3540 lea
3717 3479 3960 3538 esclaves
3999 3477 4072 3538 de
4105 3479 4166 3538 la

1082 3585 1265 3644 Rome
1322 3584 1687 3662 corrompuel’
1758 3581 1841 3642 Oe
1894 3601 1971 3640 ne
2022 3581 2109 3640 fut
2148 3600 2249 3660 pas
2287 3599 2398 3642 une
2437 3580 2725 3651 doctrine,
2781 3580 2925 3641 mais
2962 3600 3072 3642 une
3109 3581 3394 3653 Histoire,
3437 3601 3492 3662 p.
3535 3585 3679 3642 410.
3759 3580 3845 3642 Le
3885 3580 4092 3642 monde
4128 3601 4162 3640 a

1090 3705 1271 3746 connu
1325 3684 1379 3744 le
1432 3683 1578 3744 Dieu
1616 3683 1687 3744 de
1725 3681 2045 3760 l'Evangile
2084 3682 2266 3744 moins
2307 3703 2409 3762 par
2451 3701 2560 3744 une
2601 3682 2880 3754 doctrine,
2925 3703 3032 3762 que
3070 3703 3170 3764 par
3208 3703 3316 3744 une
3355 3703 3661 3764 personne;
3703 3684 3748 3742 il
3787 3683 3886 3744 n’a
3925 3704 4024 3764 pas
4065 3703 4162 3744 cru

1090 3787 1129 3848 ὃ,
1182 3806 1259 3847 un
1315 3805 1569 3847 nouveau
1622 3784 1860 3862 dogme,
1916 3784 2060 3844 mais
2111 3785 2147 3860 ᾗ.
2202 3803 2313 3844 une
2368 3786 2623 3846 nouvelle
2675 3783 2958 3858 Histoire,
3014 3784 3051 3844 a
3105 3785 3400 3846 l'Histoire
3456 3783 3526 3846 de
3566 3783 3920 3868 l’apparition
3961 3784 4040 3845 du
4076 3785 4162 3844 fils

1090 3888 1159 3949 de
1198 3887 1367 3950 Dieu.
2975 3909 2980 3916 ·

1174 3990 1239 4070 7)
1274 3989 1461 4048 Huoo
1498 4005 1775 4049 onorius.
1856 3968 2205 4066 Argumenta
2252 3995 2484 4051 externa
2541 4007 2796 4052 enorme
2853 4009 2922 4050 ex
2973 3989 3146 4070 ipsius
3203 4007 3340 4052 insu
3387 3995 3445 4050 et
3483 3989 3772 4068 religionis
3811 3989 3884 4050 ab
3921 4009 3990 4049 eo
4029 4009 4162 4050 con-

1089 4091 1239 4153 ditae
1288 4091 1454 4151 factis
1501 4111 1567 4151 ac
1622 4091 1783 4164 fatis,
1836 4090 2080 4151 maxime
2132 4111 2167 4152 e
2212 4092 2495 4154 miraculis
2547 4092 2770 4174 eiusque
2808 4093 3238 4165 resurrectione,
3279 4093 3459 4173 petiit.
3539 4092 3708 4154 Quod
3747 4091 3818 4153 ad
3859 4092 4158 4166 miracula,

1090 4195 1173 4260 sic
1230 4193 1593 4255 ratiocinatus
1652 4199 1739 4254 est
1765 4265 1770 4272 ,
1794 4209 2080 4254 enorme:
2148 4194 2345 4254 nTalia
2397 4194 2574 4257 edidit
2628 4213 2919 4257 cnarsrus
2975 4216 3144 4276 opera
3157 4239 3173 4268 ,
3229 4213 3370 4274 quae
3425 4194 3612 4256 Deum
3653 4196 3836 4276 ipsum
3873 4201 4160 4256 auctorem

1088 4298 1283 4358 testari
1335 4294 1642 4358 videantur.
1698 4297 1845 4359 'Iam
1897 4315 2028 4357 vero
2084 4295 2240 4358 Deus
2292 4296 2560 4358 miracula
2615 4317 2720 4358 nec
2771 4298 2906 4358 facit
2920 4343 2937 4370 ,
2990 4317 3098 4358 nec
3141 4297 3266 4356 fieri
3319 4297 3456 4358 sinit
3503 4297 3710 4377 absque
3755 4316 3948 4358 caussa
3983 4317 4161 4378 eaque

1087 4398 1431 4477 gravissima.
1514 4399 1725 4460 Caussa
1776 4404 1962 4460 autern
2016 4399 2171 4458 nulla
2222 4397 2333 4458 alia
2387 4398 2547 4460 reddi
2599 4404 2816 4479 potest,
2875 4419 2971 4460 cur
3020 4400 3160 4459 haec
3205 4399 3354 4458 facta
3393 4398 3537 4470 sint,
3591 4419 3758 4478 quam
3797 4420 3896 4478 ea,
3939 4421 4082 4479 quae
4123 4421 4162 4461 a

1083 4517 1337 4562 cnarsro
1394 4501 1562 4560 allata
1612 4504 1733 4572 est,
1786 4519 1989 4582 nempe
2040 4507 2107 4560 ut
2158 4498 2450 4560 doctrinae
2499 4501 2675 4581 ipsius
2729 4501 3048 4562 redderetur
3101 4499 3542 4562 testimouium.”
3625 4500 3710 4560 De
3755 4501 4162 4563 resurrectione

1088 4619 1365 4674 caman,
1410 4601 1745 4664 testimoniis
1778 4623 1877 4684 pro
1916 4601 2053 4664 facti
2090 4601 2239 4662 illius
2276 4602 2515 4664 veritate
2553 4603 2767 4676 allatis,
2807 4603 2889 4664 sic
2927 4604 3140 4684 pergit:
3210 4603 3444 4664 uTantis
3483 4623 3551 4664 ac
3583 4602 3787 4664 talibus
3820 4603 4160 4664 testimoniis

1086 4703 1255 4766 fidem
1309 4704 1598 4765 detrahere
1651 4723 1819 4766 nemo
1873 4709 2087 4784 potest,
2142 4704 2253 4766 nisi
2292 4705 2445 4766 dicat
2484 4725 2603 4766 rem
2645 4705 2822 4786 ipsam
2860 4708 3031 4768 talem
3071 4724 3221 4778 esse,
3278 4712 3343 4766 ut
3377 4707 3534 4766 nullo
3573 4703 3740 4766 modo
3783 4705 3904 4764 fieri
3943 4704 4156 4784 possit,

1086 4807 1273 4886 qualia
1325 4813 1453 4868 sunt
1504 4826 1647 4886 quae
1704 4807 2197 4870 contradictionem
2218 4852 2232 4881 ,
2289 4813 2350 4869 ut
2405 4811 2731 4890 loquuntur,
2785 4810 3090 4890 implicant.
3173 4808 3240 4868 Id
3297 4815 3481 4870 autem
3525 4809 3632 4870 hac
3671 4809 3742 4869 de
3779 4827 3844 4868 re
3883 4805 3995 4869 dici
4031 4826 4158 4869 non
