4730 6049
1864 655 2426 726 ORATIO.
3579 659 3664 726 51

612 868 893 944 nimium
944 865 1385 954 tribuissent,
1444 865 1569 942 sed
1615 865 1811 966 quod
1856 865 1996 942 huo
2044 865 2418 944 traxissent
2461 863 2716 964 placita
2759 891 2804 944 a
2851 863 3108 942 cambii
3153 871 3404 940 natura
3447 864 3656 965 longe

612 987 829 1064 aliena
882 995 955 1060 et
1020 993 1307 1062 remota.
1410 985 1625 1064 Quod
1689 985 1751 1062 si
1808 987 1997 1062 enim
2042 985 2408 1062 schedulas
2453 985 2624 1062 istas
2663 1010 2806 1062 non
2849 1009 2938 1062 ex
2980 993 3145 1062 emt.
3195 985 3398 1062 vend.
3456 985 3658 1062 locat.

610 1105 805 1182 cond.
868 1113 997 1180 aut
1038 1105 1271 1180 nescio
1314 1103 1620 1203 quodam
1662 1111 2023 1180 contractu
2073 1101 2432 1204 proprium
2477 1128 2732 1184 nomen
2775 1131 2918 1181 non
2965 1105 3266 1182 habente
3297 1105 3659 1205 ,explicare

608 1225 833 1302 eonati
882 1232 1118 1300 essent
1136 1282 1156 1313 ,
1220 1224 1347 1300 sed
1404 1223 1641 1310 oeulos
1703 1225 1937 1323 potius
1988 1224 2353 1300 vertissent
2397 1224 2491 1300 ad
2540 1251 2656 1302 eas
2698 1226 2870 1302 iuris
2914 1225 3222 1303 Romani
3263 1225 3657 1303 conventio·

606 1371 767 1434 nes,
834 1369 1137 1444 quarum
1192 1343 1552 1443 obligandi
1610 1369 1819 1420 causa
1874 1369 2018 1418 non
2074 1344 2500 1420 extrinsecus
2560 1347 2864 1444 petenda
2923 1345 3048 1420 sed
3107 1347 3180 1420 in
3242 1346 3386 1422 sola
3437 1345 3660 1422 forma

610 1466 699 1540 sit
755 1463 1019 1564 posita,
1088 1462 1149 1538 si
1210 1463 1417 1538 verbo
1476 1462 1837 1538 dissimilia
1897 1487 2035 1538 non
2092 1464 2538 1540 miscuissent
2559 1523 2582 1554 ,
2641 1467 2765 1540 sed
2807 1465 3060 1542 similia
3102 1490 3264 1541 cum
3313 1466 3657 1541 similibus

607 1591 1151 1682 comparassent,
1199 1610 1337 1681 per
1380 1583 1493 1658 ius
1546 1585 1945 1660 Romanum
1993 1584 2265 1658 dudum
2312 1609 2396 1658 eo
2440 1588 2951 1684 pervenissent,
3001 1609 3142 1685 quo
3184 1586 3462 1660 nonnisi
3499 1591 3660 1684 post

606 1705 857 1782 multas
916 1703 1248 1802 ambages
1316 1711 1389 1776 et
1454 1704 1845 1779 seculorum
1900 1729 2159 1780 errores
2210 1703 2261 1778 ii
2308 1729 2458 1780 rem
2508 1706 3022 1804 perduxerunt,
3073 1705 3198 1804 qui
3241 1705 3329 1780 de
3355 1705 3506 1810 *hoo
3549 1705 3657 1780 in·

606 1824 847 1898 stimto
892 1823 1161 1922 optime
1208 1822 1437 1896 meriti
1482 1832 1677 1898 sunt.

702 2183 905 2260 Quae
956 2181 1321 2280 hueusque
1368 2181 1881 2280 disputavimus
1928 2181 2143 2256 etiam
2186 2192 2341 2257 tum
2390 2183 2728 2270 valerent,
2778 2182 2838 2257 si
2885 2182 2996 2258 ius
3045 2184 3444 2260 Romanum
3495 2209 3658 2262 oum

604 2297 677 2374 in
716 2299 1009 2374 aliorum
1054 2297 1467 2398 populorum
1516 2297 1977 2374 recentiorum
2002 2356 2021 2386 ,
2063 2307 2231 2374 tum.
2260 2298 2334 2372 in
2373 2300 2639 2398 patriae
2687 2315 2960 2378 nostrae
2997 2302 3187 2402 leges
3221 2313 3348 2379 aut
3379 2328 3660 2404 prorsus

606 2418 860 2494 nullius
924 2425 1051 2492 aut
1120 2417 1399 2492 nonnisi
1464 2417 1703 2518 exigui
1759 2417 2008 2508 fuisset
2073 2419 2428 2494 momenti.
2530 2421 2626 2493 Et
2686 2430 2840 2496 tum
2899 2425 3490 2521 praestantissima
3540 2425 3660 2500 illa

604 2539 911 2613 Istorum
966 2537 1357 2637 fragmenta
1378 2595 1397 2626 ,
1460 2538 1551 2613 ob
1610 2564 1852 2636 causas
1898 2565 2075 2637 quas
2114 2539 2714 2644 enumeravimus,
2784 2541 2975 2618 haud
3019 2568 3220 2618 secus
3265 2569 3346 2620 ac
3395 2545 3662 2642 reliqua

607 2660 964 2734 vetustatis
1033 2668 1487 2734 monumenta
1506 2717 1527 2747 ‚
1600 2685 1779 2758 quae
1825 2661 1959 2734 coli
2002 2666 2075 2734 et
2120 2659 2212 2734 ad
2256 2659 2676 2736 imitandum
2724 2662 3018 2760 proponi
3071 2663 3326 2750 solent,
3377 2664 3662 2738 omnino

608 2780 813 2879 digna
854 2788 1091 2854 esseut
1134 2779 1208 2853 in
1252 2779 1513 2878 quibus
1554 2805 1833 2878 operam
1874 2789 2189 2856 nostram
2232 2780 2741 2856 collocaremus.
2807 2782 2987 2856 Rem
3032 2807 3188 2858 vero
3226 2783 3430 2884 longe
3467 2783 3664 2858 aliter

610 2923 749 2974 sese
810 2900 1071 2976 habere
1091 2957 1111 2988 ,
1176 2900 1443 2976 nemini
1499 2901 1934 2999 incognitum
2000 2909 2127 2976 est.
2244 2901 2418 2990 Quis
2483 2900 2670 2976 enim
2721 2900 3032 3000 ignorat,
3083 2927 3207 3000 per
3259 2909 3478 2978 totam
3519 2903 3662 2980 fere

604 3019 953 3121 Europam
988 3020 1231 3095 tacito
1294 3020 1723 3120 plerumque.
1757 3019 2177 3121 populorum
2233 3042 2584 3095 consensu
2631 3018 2746 3093 ius
2801 3019 2976 3095 illud
2999 3078 3020 3108 ,
3085 3019 3194 3095 hic
3241 3019 3382 3096 illic
3433 3030 3661 3099 muta·

609 3146 751 3215 tum
774 3200 795 3230 ‚
850 3149 1248 3219 truncatum
1275 3198 1294 3228 ,
1342 3150 1747 3240 corruptum
1766 3200 1785 3230 ,
1835 3141 2055 3215 fuisse
2103 3146 2462 3238 receptum
2517 3146 2590 3213 et
2635 3139 3168 3215 innumerabilia
3221 3141 3372 3215 eius
3409 3142 3664 3240 placita

608 3262 677 3335 in
720 3262 833 3335 ius
879 3261 1295 3336 hodiernum
1342 3260 1775 3361 immigrasse
1798 3318 1819 3349 ,
1867 3261 1968 3335 ita
2008 3266 2092 3334 ut
2142 3284 2185 3333 a
2226 3282 2387 3333 vero
2429 3284 2568 3335 non
2615 3258 2820 3359 longe
2863 3260 3222 3349 aberrent,
3265 3262 3388 3360 qui
3430 3263 3666 3360 quoad

604 3380 747 3469 ius,
822 3406 1085 3481 magna
1148 3405 1235 3455 ex
1294 3389 1492 3483 parte
1562 3406 1690 3489 nos
1752 3380 2146 3455 Romanam
2195 3378 2422 3454 vivere
2468 3377 2682 3455 vitam
2725 3381 3179 3457 contendunt.
3279 3381 3440 3457 Nisi
3488 3384 3662 3459 adeo

602 3503 851 3577 rivulos
922 3501 1159 3600 potius
1230 3502 1607 3577 consectari
1678 3524 1891 3601 quam
1965 3498 2193 3574 fontes
2257 3522 2491 3575 rerum
2561 3498 2790 3577 videre
2860 3502 3182 3579 malimus
3200 3561 3221 3591 ,
3299 3503 3390 3578 ad
3457 3504 3662 3579 hosce

606 3622 1095 3696 recurrendum
1160 3646 1309 3695 esse
1376 3622 1601 3719 primo
1672 3621 1957 3695 obtuitu
2024 3627 2331 3719 apparet.
2451 3618 2705 3716 Neque
2786 3620 2944 3719 quis
3009 3620 3185 3695 forte
3266 3629 3504 3719 putet,
3577 3646 3660 3697 ea

604 3766 777 3840 quae
850 3767 894 3815 a
969 3740 1311 3814 Romanis
1376 3740 1680 3815 mutuati
1740 3764 2025 3827 sumuS,
2094 3740 2193 3813 sic
2248 3762 2379 3813 nos
2438 3746 2676 3813 nostra
2729 3738 3013 3829 fecisse,
3079 3749 3160 3817 ut
3217 3748 3368 3815 tuto
3417 3765 3660 3817 eorum

604 3860 885 3960 originis
934 3861 1443 3936 obliviscamur.
1545 3861 1700 3935 Imo
1748 3868 2023 3935 tantum
2074 3860 2223 3934 sine
2265 3860 2533 3935 ratione
2584 3858 2800 3933 valuit
2849 3860 3258 3948 auctoritas„
3307 3869 3390 3935 ut
3439 3862 3664 3937 mults

596 3990 871 4080 recepta
930 3982 1077 4056 sint
1134 3982 1235 4057 ita
1290 3981 1601 4081 proxime
1662 3980 2032 4055 coniuncta
2097 4004 2261 4055 oum
2325 3976 2658 4079 peculiari
2720 3978 2963 4077 populi
3026 3981 3330 4058 Romani
3391 3982 3658 4072 indole,

600 4100 955 4197 regiminis
1014 4101 1240 4176 forma
1300 4109 1371 4175 et
1438 4100 1855 4175 iudiciorum
1922 4099 2392 4187 ordinatione,
2445 4106 2528 4173 ut
2569 4122 2654 4171 eo
2699 4098 2935 4173 minus
2979 4124 3103 4198 per
3145 4126 3218 4175 se
3265 4101 3662 4201 intelligan-

601 4226 753 4307 tur,
824 4246 969 4319 quo
1029 4221 1265 4297 minus
1332 4221 1677 4320 quadrent
1724 4221 1798 4293 in
1856 4220 2060 4319 plane
2116 4220 2460 4295 diversam
2513 4242 2745 4293 rerum
2795 4220 3279 4320 societatisque
3324 4221 3660 4297 condit-io-

598 4362 777 4415 nem.
880 4341 977 4415 Et
1021 4338 1135 4414 hic
1178 4340 1411 4415 denuo
1462 4348 1748 4441 apparet
1797 4340 2177 4441 perniciosa
2225 4341 2327 4415 vis
2375 4339 2804 4439 ignorantiae
2845 4346 2968 4413 aut
3013 4341 3246 4437 potius
3293 4340 3656 4416 simulatae

600 4461 1137 4535 semidoctorum
1180 4460 1609 4535 eruditionis,
1642 4486 1647 4492 ·
1714 4463 1959 4539 Quum
2002 4460 2187 4537 enim
2229 4460 2341 4535 ius
2385 4460 2786 4535 Romanum
2829 4483 2968 4534 non
3011 4484 3094 4533 ex
3139 4458 3310 4559 ipsis
3341 4458 3659 4543 ,fontibus

600 4576 931 4653 haustum
953 4637 973 4668 ,
1040 4580 1165 4654 sed
1224 4605 1347 4679 per
1404 4582 1883 4681 interpositam
1946 4582 2406 4681 interpretum
2457 4603 2824 4679 personam
2875 4577 3234 4677 cognitum
3285 4577 3659 4667 haberent,

604 4698 878 4795 saepius
950 4698 1209 4773 factum
1277 4708 1424 4789 est,
1500 4709 1581 4775 ut
1642 4702 1855 4799 capiti
1925 4702 2233 4777 humano
2306 4699 2642 4775 cervicem
2716 4698 3083 4796 iungentes
3145 4698 3472 4797 equinam
3492 4755 3512 4786 ,
3579 4723 3662 4773 ea

600 4840 883 4914 quoque
944 4817 1113 4891 inde
1168 4819 1611 4897 desumerent
1628 4878 1648 4909 ,
1698 4844 1999 4920 quorum
2047 4820 2251 4895 hodie
2298 4844 2504 4895 nemo
2557 4843 2686 4893 nec
2731 4818 3068 4895 rationem
3118 4842 3246 4893 nec
3295 4817 3661 4895 consilium

3173 4939 3273 5017 7·
