4730 6049
1858 619 2424 742 onirru
3541 671 3678 744 wi

600 877 1061 979 comparando
1108 885 1276 954 sunt
1319 877 1735 954 derivandae
1778 885 1851 952 et
1898 878 2297 956 efficiendae
2316 937 2336 966 ‚
2390 879 2727 978 principia
2775 879 3036 978 quibus
3084 881 3410 956 nituntur
3433 937 3454 970 ‚
3503 879 3666 958 effe·

594 1007 895 1098 ctnsque
944 997 1039 1074 ad
1084 1023 1261 1096 quos
1310 997 1617 1072 tendunt
1637 1055 1656 1085 ,
1708 997 2087 1074 definiendi
2134 1006 2207 1074 et
2254 999 2747 1076 constituendi.

686 1119 773 1192 Si
816 1143 906 1194 ex
950 1117 1271 1217 pluribus
1312 1117 1485 1192 iuris
1530 1117 1791 1217 regulis
1812 1175 1831 1206 ‚
1896 1143 2079 1218 qnae
2124 1119 2215 1194 ad
2264 1119 2558 1196 eandem
2605 1144 2756 1195 rem
2801 1129 3160 1220 spectant,
3211 1122 3403 1222 quod
3449 1123 3520 1196 in
3578 1121 3670 1196 iis

598 1263 965 1314 commune
1014 1245 1161 1326 est,
1212 1239 1721 1338 coniungamus
1740 1297 1759 1324 ,
1809 1238 1981 1314 iuris
2025 1239 2348 1314 oriuntur
2390 1241 2725 1315 notiones.
2831 1241 2910 1314 Si
2960 1249 3198 1318 autem
3252 1242 3666 1318 coniunctae

596 1359 751 1436 illae
808 1360 1126 1436 notiones
1184 1359 1593 1434 naturaliter
1654 1360 2169 1437 cohaerentium
2240 1360 2418 1436 vitae
2469 1359 3063 1434 necessitudinum
3115 1361 3316 1459 quasi
3365 1361 3665 1436 referant
3775 1389 3782 1396 ·

594 1479 971 1578 imaginem
1024 1487 1097 1552 et
1138 1477 1435 1554 formam
1480 1476 1845 1556 iuridicam
1872 1537 1892 1567 ,
1941 1478 2111 1554 haec
2162 1478 2333 1552 iuris
2393 1479 2826 1577 appellamus
2879 1481 3220 1555 instituta.

694 1598 1073 1674 Neminem
1132 1597 1397 1698 fugiet,
1464 1597 1746 1696 opinor,
1808 1597 1937 1674 hac
1997 1599 2285 1672 demum
2334 1599 2599 1674 ratione
2646 1599 2824 1674 vitae
2877 1600 3094 1676 civilis
3141 1601 3386 1687 rudem
3437 1611 3508 1676 et
3553 1602 3658 1678 in-

596 1718 939 1818 digestam
1002 1719 1255 1794 molem
1324 1717 1649 1816 componi
1706 1726 1779 1792 et
1838 1717 2061 1816 digeri
2122 1743 2326 1819 posse
2348 1776 2369 1807 ,
2435 1719 2733 1818 perspici
2779 1729 2850 1794 et
2899 1730 3131 1794 mente
3188 1721 3426 1796 teneri.
3529 1723 3659 1798 Est
3771 1805 3776 1810 ,

598 1839 763 1914 haec
820 1863 936 1914 ars
994 1847 1251 1914 nostra.
1353 1839 1441 1912 In
1510 1861 1593 1912 ea
1652 1837 2157 1936 subsequentes
2222 1839 2742 1916 desudaverunt
2803 1848 3062 1916 aetates
3083 1899 3104 1930 ,
3165 1850 3238 1915 et
3294 1843 3663 1920 coniuncta

596 1958 883 2033 demum
942 1959 1261 2033 omnium
1324 1981 1535 2056 opera
1600 1967 1672 2032 et
1736 1959 2009 2034 solertia
2081 1959 2368 2036 tandem
2443 1959 2788 2036 efformari
2851 1961 3122 2060 potuit,
3192 1985 3400 2060 quam
3471 1987 3658 2040 nunc

594 2079 933 2155 habemus
954 2138 975 2168 ,
1024 2080 1070 2152 J
1076 2079 1635 2180 urisprudentiae
1684 2104 1816 2156 ars.

686 2200 925 2276 Multa
987 2200 1116 2276 hac
1176 2201 1252 2274 in
1318 2225 1392 2274 re
1464 2201 1807 2276 Romanis
1862 2199 2199 2275 debemus
2253 2201 2486 2289 ICtis,
2537 2201 2741 2299 plura
2783 2209 3016 2276 tamen
3059 2201 3456 2278 debuerunt
3510 2227 3654 2280 ma·-

588 2319 767 2396 iones
824 2319 1065 2394 nostri.
1180 2319 1481 2396 Ratione
1540 2327 1624 2396 ,et
1687 2319 2054 2407 meth0d0‚
2124 2344 2265 2419 qua
2315 2321 2446 2396 hae
2493 2321 2567 2396 in
2615 2345 2688 2394 re
2734 2321 2983 2394 versati
3029 2328 3236 2406 sunt,
3303 2323 3657 2398 Romanos

588 2438 793 2516 nobis
866 2439 1366 2516 recentioribus
1386 2497 1405 2528 ,
1482 2441 1693 2516 etiam
1771 2441 2263 2516 recentissimis
2338 2441 2544 2541 longe
2625 2449 2972 2540 praestare
2994 2500 3014 2528 ,
3091 2443 3384 2518 firmiter
3453 2452 3656 2518 teneo

587 2561 951 2661 laetusque
1022 2561 1307 2638 affirmo,
1410 2559 1553 2636 Sed
1617 2562 1919 2637 Romani
1990 2561 2165 2652 iuris
2240 2585 2382 2636 non
2457 2561 2682 2660 magis
2755 2561 3050 2636 materia
3116 2587 3330 2660 quam
3391 2563 3654 2653 forma,

586 2699 803 2779 qnam
872 2706 1017 2770 ars,
1088 2705 1301 2780 quam
1358 2679 1537 2756 iuris
1602 2679 1887 2780 regulae
1908 2739 1929 2768 ,
1996 2681 2313 2754 notiones
2333 2736 2354 2767 ,
2405 2679 2730 2754 instituta
2783 2678 3166 2754 maioribus
3207 2681 3461 2754 nostris
3480 2739 3500 2770 ,
3551 2683 3658 2757 in-

586 2799 831 2877 feriore
892 2802 1185 2902 quippe,
1235 2800 1387 2901 pari
1442 2801 1735 2889 deinde,
1806 2801 1989 2876 vitae
2032 2801 2252 2879 civilis
2294 2799 2524 2898 gradu
2571 2798 3006 2887 constitutis,
3067 2824 3324 2898 magno
3368 2801 3657 2898 quidem

586 2921 875 2998 fuerunt
923 2920 1270 3021 praesidio
1313 2929 1387 2996 et
1435 2921 1808 2998 beneficio:
1862 2920 1987 2996 sed
2025 2920 2229 2995 nobis
2246 2978 2269 3009 ‚
2318 2921 2582 3019 quippe
2631 2919 2755 3017 qui
2795 2919 3108 2994 altiorem
3141 2920 3293 2996 'iam
3331 2945 3658 2996 conscen-

496 3102 501 3107 .
584 3042 821 3118 dimus
872 3042 1173 3142 gradum
1195 3101 1216 3132 ,
1264 3043 1405 3119 ista
1448 3044 1589 3119 iam
1635 3041 1843 3142 quasi
1894 3052 2059 3117 sunt
2096 3041 2506 3142 praeteritae
2547 3040 2834 3129 aetatis,
2885 3062 3114 3140 neque
3170 3042 3469 3141 amplius
3513 3043 3658 3121 suf-

588 3162 857 3237 ficiunt.
958 3166 1021 3237 N
1030 3167 1183 3237 obis
1238 3164 1377 3239 iam
1436 3162 1631 3239 novis
1649 3222 1671 3250 ,
1738 3163 2135 3259 nostrisque
2184 3161 2396 3237 rebus
2442 3161 2830 3260 aptioribus
2869 3184 3050 3259 opus
3097 3169 3206 3236 est
3249 3162 3420 3237 iuris
3471 3172 3618 3241 arte
3638 3223 3659 3254 ,

588 3281 811 3357 forma
830 3340 851 3371 ,
900 3282 1163 3383 regulis
1180 3341 1205 3373 ,
1254 3284 1660 3359 notionibus
1682 3342 1703 3372 ,
1752 3282 2118 3359 institutis.

682 3402 976 3478 Scholae
1028 3403 1393 3479 historicae
1446 3403 1507 3479 si
1554 3426 1695 3479 non
1742 3402 2143 3477 auctoribus
2186 3410 2259 3475 et
2303 3398 2782 3475 conditoribus
2803 3456 2824 3487 ,
2893 3406 2968 3473 at
3011 3400 3256 3475 saltem
3305 3402 3656 3477 sectatori·

588 3521 723 3597 bns
770 3548 913 3599 non
965 3523 1319 3599 immerito
1362 3524 1531 3599 vitio
1575 3525 1967 3613 duxerunt,
2018 3548 2105 3597 ex
2145 3522 2460 3622 ipserum
2505 3520 2850 3596 sententia
2895 3520 3252 3595 Romanae
3296 3520 3343 3593 J
3351 3519 3653 3620 urispru-

588 3642 867 3719 dentiae
926 3652 1083 3719 arte
1100 3699 1121 3742 2
1186 3644 1249 3719 si
1310 3667 1451 3719 non
1510 3644 1681 3719 iuris
1728 3646 2055 3731 materia,
2118 3666 2269 3717 rem
2312 3666 2466 3717 esse
2517 3640 2900 3717 confectam
2953 3647 3027 3713 et
3069 3638 3458 3715 absolutam
3503 3666 3654 3719 om·

588 3786 772 3841 nem.
876 3764 953 3838 Si
1004 3763 1181 3839 forte
1244 3764 1501 3841 futuris
1562 3764 1911 3840 aetatibus
1980 3788 2109 3839 sua
2162 3787 2305 3839 non
2358 3762 2783 3861 denegarent
2827 3761 2982 3835 iura
3001 3818 3024 3849 ‚
3072 3761 3268 3836 omni
3313 3785 3484 3837 aevo
3533 3762 3653 3837 illa

586 3881 741 3959 iura
798 3883 892 3960 ad
960 3864 1435 3961 Romanorum
1493 3884 1669 3961 iuris
1728 3884 2049 3960 notiones
2116 3890 2189 3957 et
2248 3884 2572 3957 instituta
2625 3906 2778 3957 esse
2829 3882 3172 3980 exigenda
3225 3882 3648 3962 statuebant.

585 4002 785 4078 Haec
838 4028 989 4079 esse
1046 4011 1327 4081 aeterna
1378 4013 1451 4079 et
1494 4005 1851 4093 absoluta,
1903 4005 2165 4104 quippe
2216 4028 2305 4078 ex
2358 4001 2783 4078 immutabili
2840 4002 3052 4077 dueta
3099 4028 3333 4079 rerum
3377 4012 3647 4083 natura.

589 4122 747 4198 Hoc
816 4148 1028 4199 sensu
1088 4124 1301 4209 etiam
1362 4125 1617 4201 nostris
1667 4124 1917 4201 diebus
1968 4146 2153 4199 muz
2200 4125 2313 4199 ius
2357 4125 2758 4198 Romanum
2801 4122 2976 4197 iuris
3019 4121 3325 4201 absoluti
3371 4126 3652 4201 nomine

588 4242 979 4319 ornandum
1030 4245 1343 4334 censuit,
1396 4254 1485 4319 .et
1536 4245 1990 4321 Americanos
2039 4246 2183 4325 iam
2228 4245 2303 4320 in
2352 4270 2436 4321 eo
2485 4268 2634 4319 esse
2685 4250 2768 4318 ut
2813 4242 2991 4319 illud
3040 4244 3424 4344 reciperent
3469 4246 3648 4321 affir-

588 4362 825 4439 mavit.
930 4362 1070 4439 Sed
1118 4364 1283 4440 huic
1314 4365 1643 4465 opinioni
1686 4368 1825 4441 iam
1872 4366 2015 4441 fere
2066 4366 2255 4443 solus
2306 4364 2630 4440 addictus
2681 4370 2808 4439 est.
2911 4364 3098 4440 Nam
3148 4364 3410 4439 ultimis
3457 4364 3647 4443 hisee

588 4482 790 4557 annis
834 4484 1165 4560 omnibns
1209 4485 1355 4561 fere
1402 4486 1671 4586 placere
1718 4486 1945 4585 eoepit
1989 4486 2341 4561 distinctio
2358 4546 2379 4576 ‚
2426 4510 2640 4585 qnam
2687 4508 2852 4559 mox
2895 4484 3250 4561 indicavi..
3313 4484 3641 4563 Miranda

590 4603 893 4703 profecto
952 4611 1024 4680 et
1076 4606 1461 4682 etiamnum
1524 4606 1861 4683 imitanda
1918 4614 2026 4681 est
2089 4608 2265 4682 ratio
2330 4608 2808 4681 Romanorum
2869 4614 2942 4681 et
3003 4604 3394 4681 methodus.
3493 4605 3638 4679 Sed

588 4747 727 4799 non
792 4723 955 4800 ideo
1016 4725 1090 4801 in
1146 4726 1298 4816 via,
1366 4750 1577 4827 quam
1632 4728 1909 4828 egregie
1956 4728 2055 4803 ita
2105 4727 2402 4827 ingressi
2455 4736 2622 4803 sunt
2669 4724 3009 4816 Romani,
3064 4724 3595 4801 subsistendum
3615 4783 3638 4815 ,

590 4844 715 4919 sed
782 4844 971 4921 ultro
1036 4846 1246 4927 etiam
1314 4847 1923 4950 progrediendum.
2024 4850 2308 4925 Mutata
2373 4848 2546 4923 iuris
2605 4847 2894 4923 materia
2948 4856 3024 4921 et
3083 4846 3388 4921 conditio
3427 4845 3640 4921 movis

3146 4966 3300 5041 42*
3579 4960 3588 4969 ’
