4730 6049
1816 592 2376 719 ontio.
3505 637 3636 715 115

564 868 777 944 Quo
796 900 819 933 ,
866 853 949 924 ut
992 843 1115 933 iis,
1178 868 1363 944 quae
1414 844 1509 923 ab
1558 852 1853 947 utraque
1896 856 2093 949 parte
2143 848 2592 949 disputentur
2638 846 2741 933 nil
2781 870 3256 937 commovear,
3307 856 3389 923 ut
3429 848 3622 927 haud

562 988 783 1065 pauca
822 964 899 1042 in
940 963 1373 1064 'theologicis
1410 964 1723 1045 obsoleta
1766 974 1840 1045 et
1875 968 2239 1068 antiquata
2276 992 2432 1048 esse
2469 964 2846 1068 praefracte
2887 992 3138 1069 negem
3153 1026 3176 1059 ,
3225 968 3336 1044 vel
3375 994 3620 1069 quem·
3731 1064 3738 1067 ,

560 1084 661 1159 vis
702 1083 1063 1167 Historiae
1102 1094 1655 1185 oppugnatorem
1716 1087 2129 1181 (dummodo
2176 1112 2329 1169 rem
2369 1088 2544 1169 serio
2591 1094 2786 1187 agat)
2845 1088 3114 1177 sincera
3167 1113 3332 1189 erga
3383 1090 3620 1167 Deum

556 1205 815 1306 pietate
874 1205 1165 1305 ,verique
1234 1230 1472 1286 amore
1532 1207 1951 1287 destitutum
2020 1209 2321 1289 credam.
2421 1206 2548 1282 Uti
2619 1208 2820 1286 doleo
2888 1216 2962 1287 et
3025 1209 3258 1285 dolere
3332 1233 3620 1311 pergam

556 1326 736 1405 inter
778 1325 937 1401 illos
980 1326 1359 1405 nonnullos
1408 1352 1595 1417 ease,
1641 1328 1765 1428 qui
1813 1329 2271 1430 incogitanter
2313 1336 2388 1412 et
2428 1328 2706 1407 incaute
2751 1328 3042 1409 Critices
3087 1328 3349 1408 altioris
3365 1388 3388 1421 ,
3432 1354 3616 1431 quae

560 1445 811 1524 dicitur
827 1503 849 1533 ,
912 1444 1133 1529 dubia
1188 1446 1577 1546 largissima
1619 1474 1700 1529 ae
1749 1450 2155 1550 plenissima
2203 1474 2422 1535 manu
2465 1473 2591 1548 per
2631 1447 3064 1527 ineruditum
3119 1450 3374 1551 vulgus
3425 1474 3616 1549 spar-

560 1590 717 1666 gere
769 1565 965 1644 haud
1020 1566 1381 1656 desinant3
1454 1568 1553 1645 sic
1622 1570 1896 1669 gaudeo
1954 1570 2137 1651 inter
2194 1595 2313 1647 eos
2373 1594 2526 1650 esse
2544 1627 2565 1657 ,
2631 1570 2794 1669 qui,
2859 1570 3208 1671 quidquid
3261 1568 3616 1649 Historiae

558 1686 922 1787 derogent,
976 1693 1125 1767 tam
1172 1687 1543 1787 magnifice
1590 1688 1679 1767 de
1720 1714 2035 1770 cnarsro
2082 1690 2375 1791 eiusque
2440 1689 2753 1769 doctrina
2797 1698 2872 1767 et
2925 1690 3158 1769 indole
3203 1690 3614 1791 loquantur,

556 1812 634 1893 nt
678 1830 801 1883 eos
841 1825 1155 1906 quoque,
1201 1831 1381 1907 quos
1421 1807 1515 1883 ad
1566 1834 1729 1891 suaa
1768 1820 2005 1912 partes
2052 1810 2331 1890 trahere
2369 1809 2694 1901 student,
2743 1835 3021 1889 summa
3065 1834 3363 1889 onalsrr
3407 1835 3610 1887 vene-

554 1927 813 2005 ratione
876 1925 1193 2005 imbuere
1248 1935 1544 2028 pergant
1583 1931 1713 2024 ⁸⁰).
1810 1932 2077 2015 Eorum
2140 1930 2629 2011 tantummodo
2691 1930 3088 2031 opinionem
3157 1932 3571 2033 impugnare
3587 1988 3612 2021 ,

554 2055 653 2137 et,
699 2056 1048 2148 quantum
1092 2048 1169 2125 in
1213 2073 1329 2125 me
1370 2050 1677 2149 positum
1726 2050 1900 2141 erit,
1968 2051 2267 2129 refutare
2328 2050 2660 2141 conabor,
2724 2052 2851 2150 qui
2915 2078 3130 2151 quam
3193 2052 3424 2153 gravis
3479 2052 3614 2131 hac

550 2167 671 2245 lite
727 2192 843 2245 res
902 2176 1195 2270 agatur,
1268 2168 1385 2253 vix
1445 2178 1571 2249 aut
1626 2196 1719 2247 ne
1776 2172 1893 2251 vix
1952 2172 2241 2272 quidem
2292 2180 2658 2271 penetrato
2713 2171 2823 2247 vel
2877 2172 3126 2251 saltem
3173 2172 3612 2249 dissimulare

548 2287 949 2379 videantur,
992 2288 1556 2371 dictitantiumn
1518 2292 1863 2391 uper-inde
1920 2316 2115 2384 esse,
2172 2316 2456 2392 prorsus
2515 2290 2694 2367 nihil
2737 2290 3031 2383 referre,
3081 2302 3323 2372 utrum
3371 2294 3610 2371 Euan-

548 2410 727 2511 geh'a
768 2410 1053 2509 mythos
1098 2436 1179 2487 ac
1228 2410 1533 2503 fabulas,
1596 2438 1687 2495 an
1727 2438 1839 2491 res
1884 2438 2041 2497 vere
2086 2420 2321 2513 gestas
2356 2412 2710 2490 continere
2753 2420 3060 2501 statum
3101 2422 3342 2489 utrum
3383 2437 3610 2491 meon

544 2552 773 2605 nevere
816 2532 893 2607 in
944 2530 1179 2609 vivum
1232 2531 1523 2613 rediisse
1582 2533 1823 2613 credas
1864 2558 1993 2614 nec
2033 2536 2171 2610 ne?
2270 2535 2438 2617 Qua
2493 2531 2816 2609 libertate
2871 2553 3237 2627 concessa,
3301 2533 3606 2633 permul-

542 2656 695 2725 tum
733 2650 915 2727 lucri
966 2650 1423 2751 Theologicae
1485 2652 1889 2753 disciplinae
1946 2654 2310 2742 accedere,
2381 2660 2623 2730 contra
2684 2674 2846 2729 vero
2911 2651 3015 2727 nil
3058 2652 3300 2729 damni
3353 2678 3434 2729 ac
3481 2652 3606 2731 de-

542 2769 851 2848 trimenti
886 2769 1033 2847 aive
1086 2770 1641 2853 Christianorum
1684 2773 1853 2854 fidoi
1898 2798 1979 2855 ac
2022 2773 2201 2849 vitae
2222 2830 2245 2863 ,
2294 2771 2441 2850 sive
2484 2770 2621 2871 ipsi
2654 2770 3008 2871 religioni,
3055 2772 3198 2847 sive
3249 2772 3602 2849 Ecclesiae

538 2914 683 2966 osae
728 2890 1382 2972 extimescendum
1408 2892 1535 2986 31).
1636 2894 1851 2977 Quod
1910 2919 1953 2971 e
2016 2918 2172 2972 meo
2232 2892 2523 2992 quidem
2580 2885 2840 2969 iudicio
2899 2890 3092 2972 haud
3143 2892 3294 2967 sine
3341 2916 3602 2993 magno

452 3081 459 3088 .
536 3035 907 3111 germanae
965 3010 1321 3112 religionis
1382 3012 1819 3096 Christianae
1877 3014 2131 3098 indolis
2193 3021 2558 3098 contemtu
2616 3012 2942 3093 affirmari
3003 3037 3084 3094 ac
3153 3012 3604 3114 pronunciari

533 3140 783 3231 potest.
850 3132 1017 3212 Hoc
1050 3132 1269 3233 igitur
1306 3157 1519 3210 sensu
1556 3133 1983 3220 Historicam
2020 3135 2207 3215 illam
2246 3136 2558 3218 indolem
2593 3160 2636 3212 a
2671 3134 3024 3213 nonnullis
3061 3134 3268 3210 hodie
3302 3134 3606 3213 nimium

532 3259 835 3351 spretam
894 3277 1047 3330 esse
1112 3261 1407 3353 questus
1466 3279 1649 3336 sum.
1746 3259 1817 3337 A
1880 3257 2141 3358 quibus
2198 3257 2301 3337 ita
2367 3255 2738 3346 dissentio,
2805 3263 2888 3333 ut
2931 3281 2974 3330 e
3017 3254 3358 3334 contrario
3408 3253 3603 3336 haud

528 3371 673 3449 sine
720 3373 1143 3474 gravissimo
1201 3374 1457 3455 damno
1511 3376 1693 3458 hane
1738 3377 2048 3456 indolem
2095 3377 2303 3477 plane
2346 3375 2612 3476 negligi
2651 3400 2733 3454 ao
2781 3376 3136 3455 contemni
3181 3400 3386 3476 posse
3435 3400 3598 3451 con·

524 3494 841 3570 tendam.
942 3493 1160 3572 Quod
1204 3501 1287 3572 ut
1332 3493 1657 3594 probem,
1709 3497 2009 3580 breviter
2054 3498 2420 3577 ostendere
2479 3496 2790 3580 annitar·
2868 3496 3186 3596 Seposito
3243 3494 3598 3595 religionis

523 3613 977 3692 Christianae
1014 3614 1419 3693 charactere
1464 3623 1677 3716 atque
1725 3618 1959 3698 indole
1990 3618 2398 3731 Histoi-ica,
2453 3622 2526 3692 1⁰
2531 3623 2562 3712 )
2613 3617 2838 3697 multa
2887 3615 3147 3692 incerta
3193 3614 3396 3692 reddi
3445 3613 3592 3715 pla-

518 3735 689 3824 cita,
742 3759 939 3835 quae
992 3743 1066 3812 et
1112 3734 1251 3834 ipsi
1290 3744 1479 3812 certa
1534 3737 1796 3820 habent
1842 3739 2133 3838 aliisque
2190 3764 2321 3840 pro
2379 3737 2584 3819 certis
2637 3737 3164 3826 commendant3
3218 3739 3296 3811 2⁰
3299 3742 3328 3828 )
3381 3733 3592 3810 bene-

515 3855 713 3932 ficam
754 3855 1127 3955 religionis
1166 3856 1601 3938 Christianae
1639 3859 1777 3946 vim
1814 3860 2334 3938 consolatricem
2369 3867 2446 3934 et
2477 3857 3016 3940 emendatricem
3040 3856 3284 3935 valde
3263 3855 3594 3934 imminui

514 3983 583 4050 et
622 3975 1073 4064 labefactam
1128 3979 1239 4069 3⁰)
1290 3978 1431 4076 ipsi
1482 3967 1793 4056 societati
1840 3980 2277 4058 Christianae
2330 3979 2620 4058 tandem
2677 3977 3150 4055 inevitabilem
3199 3975 3594 4078 praeparari

510 4093 815 4172 urinam.
923 4093 1125 4172 Haec
1170 4094 1301 4173 tria
1344 4095 1585 4194 paucis
1634 4107 2099 4197 exponentem
2154 4098 2506 4178 benevolis
2561 4105 2636 4180 et
2689 4097 2932 4198 aequis
2983 4097 3276 4188 animis,
3314 4098 3406 4173 A.
3451 4097 3542 4172 A.
3565 4097 3586 4172 1

506 4237 617 4290 me
658 4215 1074 4292 auscultare
1114 4215 1440 4316 pergatis.

592 4453 967 4553 Equidem
1012 4453 1209 4531 haud
1254 4454 1559 4546 inficior,
1604 4457 1695 4536 A.
1740 4457 1867 4536 ΑΛ
1918 4499 2018 4516 --
2064 4465 2145 4534 ιιι
2180 4457 2350 4537 hinc.
2384 4457 2612 4538 ordiar
2651 4502 2755 4520 —
2792 4455 3132 4537 nonnulla
3176 4455 3586 4558 Euangeliis

498 4572 725 4652 inesse
746 4633 767 4663 ,
844 4598 1035 4672 quae
1055 4629 1077 4661 ,
1142 4573 1279 4648 nisi
1342 4575 1709 4667 adessent,
1774 4577 2065 4656 minime
2126 4577 2610 4659 desiderarem.
2713 4577 2868 4658 Qui.
2915 4578 3096 4654 inter
3149 4576 3580 4656 Historiam

496 4693 1063 4795 Euangeliorum
1127 4694 1483 4776 veritatem
1502 4755 1523 4786 ,
1594 4698 1911 4776 universe
1976 4707 2359 4798 spectatam
2377 4757 2398 4788 ,
2472 4708 2544 4775 et
2609 4697 3041 4798 singtssarum
3097 4696 3578 4776 narrationum

496 4813 1025 4905 ἀξιοπιστίαν
1074 4813 1251 4896 hene
1302 4815 1881 4919 distinguendum
1926 4843 2079 4896 esse
2120 4828 2411 4898 monent
2427 4876 2450 4908 ‚
2499 4825 2682 4900 reete
2725 4817 2900 4895 mihi
2941 4817 3298 4986 monuisse
3333 4817 3574 4894 viden-

3099 4941 3192 5015 15
