<?xml version="1.0" encoding="UTF-8"?>
<!DOCTYPE html PUBLIC "-//W3C//DTD XHTML 1.0 Transitional//EN"
    "http://www.w3.org/TR/xhtml1/DTD/xhtml1-transitional.dtd">
<html xmlns="http://www.w3.org/1999/xhtml" xml:lang="en" lang="en">
 <head>
  <title>
</title>
<meta http-equiv="Content-Type" content="text/html;charset=utf-8" />
  <meta name='ocr-system' content='tesseract 3.04.00' />
  <meta name='ocr-capabilities' content='ocr_page ocr_carea ocr_par ocr_line ocrx_word'/>
</head>
<body>
  <div class='ocr_page' id='page_1' title='image "annalesacademic01confgoog_0099.png"; bbox 0 0 4730 6049; ppageno 0'>
   <div class='ocr_carea' id='block_1_1' title="bbox 1783 662 3876 760">
    <p class='ocr_par' dir='ltr' id='par_1_1' title="bbox 1783 662 3876 760">
     <span class='ocr_line' id='line_1_1' title="bbox 1783 662 3876 760; baseline -0.001 -1"><span class='ocrx_word' id='word_1_1' title='bbox 1783 690 2173 759; x_wconf 68' lang='lat' dir='ltr'>samus</span> <span class='ocrx_word' id='word_1_2' title='bbox 2237 686 2903 760; x_wconf 69' lang='lat' dir='ltr'>Lac&#39;rlonun.</span> <span class='ocrx_word' id='word_1_3' title='bbox 3325 662 3346 685; x_wconf 85' lang='grc'><em>“</em></span> <span class='ocrx_word' id='word_1_4' title='bbox 3787 688 3876 757; x_wconf 84' lang='lat'>89</span> 
     </span>
    </p>
   </div>
   <div class='ocr_carea' id='block_1_2' title="bbox 802 896 3886 3501">
    <p class='ocr_par' dir='ltr' id='par_1_2' title="bbox 802 896 3886 3485">
     <span class='ocr_line' id='line_1_2' title="bbox 1000 896 3866 995; baseline -0.001 -15"><span class='ocrx_word' id='word_1_5' title='bbox 1000 907 1124 980; x_wconf 83' lang='lat' dir='ltr'>Ius</span> <span class='ocrx_word' id='word_1_6' title='bbox 1172 899 1527 995; x_wconf 86' lang='lat' dir='ltr'>criminale</span> <span class='ocrx_word' id='word_1_7' title='bbox 1547 957 1570 990; x_wconf 92' lang='lat'>,</span> <span class='ocrx_word' id='word_1_8' title='bbox 1616 897 1869 974; x_wconf 79' lang='lat' dir='ltr'>diebus</span> <span class='ocrx_word' id='word_1_9' title='bbox 1912 897 2158 973; x_wconf 86' lang='lat' dir='ltr'>Lunae</span> <span class='ocrx_word' id='word_1_10' title='bbox 2177 956 2198 987; x_wconf 89' lang='lat'>,</span> <span class='ocrx_word' id='word_1_11' title='bbox 2248 896 2502 973; x_wconf 80' lang='lat' dir='ltr'>Martia</span> <span class='ocrx_word' id='word_1_12' title='bbox 2549 904 2624 973; x_wconf 92' lang='lat' dir='ltr'>et</span> <span class='ocrx_word' id='word_1_13' title='bbox 2667 896 3001 973; x_wconf 87' lang='lat' dir='ltr'>Mercurii</span> <span class='ocrx_word' id='word_1_14' title='bbox 3017 954 3468 987; x_wconf 86' lang='lat'><strong>.......</strong></span> <span class='ocrx_word' id='word_1_15' title='bbox 3542 896 3710 975; x_wconf 87' lang='lat' dir='ltr'>hora</span> <span class='ocrx_word' id='word_1_16' title='bbox 3767 896 3866 977; x_wconf 90' lang='lat' dir='ltr'>X.</span> 
     </span>
     <span class='ocr_line' id='line_1_3' title="bbox 1000 1002 3865 1109; baseline -0.001 -10"><span class='ocrx_word' id='word_1_17' title='bbox 1000 1026 1127 1099; x_wconf 78' lang='lat' dir='ltr'>Ius</span> <span class='ocrx_word' id='word_1_18' title='bbox 1173 1020 1488 1099; x_wconf 87' lang='lat' dir='ltr'>naturale</span> <span class='ocrx_word' id='word_1_19' title='bbox 1502 1077 1524 1109; x_wconf 90' lang='lat'>,</span> <span class='ocrx_word' id='word_1_20' title='bbox 1572 1017 1825 1094; x_wconf 81' lang='lat' dir='ltr'>diebus</span> <span class='ocrx_word' id='word_1_21' title='bbox 1871 1018 2148 1106; x_wconf 87' lang='lat' dir='ltr'>Lunae,</span> <span class='ocrx_word' id='word_1_22' title='bbox 2196 1002 2467 1093; x_wconf 29' lang='lat' dir='ltr'>Martis*</span> <span class='ocrx_word' id='word_1_23' title='bbox 2496 1023 2572 1092; x_wconf 92' lang='lat' dir='ltr'>et</span> <span class='ocrx_word' id='word_1_24' title='bbox 2617 1016 2950 1093; x_wconf 80' lang='lat' dir='ltr'>Mercurii</span> <span class='ocrx_word' id='word_1_25' title='bbox 2963 1073 3471 1107; x_wconf 89' lang='grc'><strong>........</strong></span> <span class='ocrx_word' id='word_1_26' title='bbox 3728 1015 3865 1096; x_wconf 92' lang='lat' dir='ltr'>XI.</span> 
     </span>
     <span class='ocr_line' id='line_1_4' title="bbox 1000 1136 3478 1227; baseline -0.003 -8"><span class='ocrx_word' id='word_1_27' title='bbox 1000 1142 1339 1219; x_wconf 81' lang='lat' dir='ltr'>Ordinem</span> <span class='ocrx_word' id='word_1_28' title='bbox 1403 1137 1834 1215; x_wconf 89' lang='lat' dir='ltr'>Iudiciorum</span> <span class='ocrx_word' id='word_1_29' title='bbox 1904 1136 2368 1214; x_wconf 80' lang='lat' dir='ltr'>criminalium</span> <span class='ocrx_word' id='word_1_30' title='bbox 2391 1195 2413 1227; x_wconf 89' lang='lat'>,</span> <span class='ocrx_word' id='word_1_31' title='bbox 2471 1136 2722 1213; x_wconf 81' lang='lat' dir='ltr'>diebus</span> <span class='ocrx_word' id='word_1_32' title='bbox 2766 1136 3012 1213; x_wconf 88' lang='lat' dir='ltr'>Lunae</span> <span class='ocrx_word' id='word_1_33' title='bbox 3028 1194 3051 1227; x_wconf 86' lang='lat'>,</span> <span class='ocrx_word' id='word_1_34' title='bbox 3111 1136 3364 1213; x_wconf 79' lang='lat' dir='ltr'>Martis</span> <span class='ocrx_word' id='word_1_35' title='bbox 3405 1143 3478 1212; x_wconf 91' lang='lat' dir='ltr'>et</span> 
     </span>
     <span class='ocr_line' id='line_1_5' title="bbox 1094 1256 3866 1349; baseline -0.002 -10"><span class='ocrx_word' id='word_1_36' title='bbox 1094 1259 1431 1339; x_wconf 77' lang='lat' dir='ltr'>Mercurii</span> <span class='ocrx_word' id='word_1_37' title='bbox 1446 1316 1468 1349; x_wconf 88' lang='lat'>,</span> <span class='ocrx_word' id='word_1_38' title='bbox 1534 1316 1551 1334; x_wconf 92' lang='lat'><strong>.</strong></span> <span class='ocrx_word' id='word_1_39' title='bbox 1618 1311 3474 1337; x_wconf 88' lang='grc'><strong>..........................</strong></span> <span class='ocrx_word' id='word_1_40' title='bbox 3690 1256 3866 1333; x_wconf 90' lang='grc' dir='ltr'>ΧΠ.</span> 
     </span>
     <span class='ocr_line' id='line_1_6' title="bbox 808 1366 3514 1468; baseline -0.002 -12"><span class='ocrx_word' id='word_1_41' title='bbox 808 1393 862 1456; x_wconf 90' lang='lat'>1.</span> <span class='ocrx_word' id='word_1_42' title='bbox 920 1392 1023 1454; x_wconf 77' lang='lat' dir='ltr'>DE</span> <span class='ocrx_word' id='word_1_43' title='bbox 1084 1388 1265 1453; x_wconf 77' lang='lat' dir='ltr'>wAL</span> <span class='ocrx_word' id='word_1_44' title='bbox 1322 1377 1711 1455; x_wconf 78' lang='lat' dir='ltr'>Historiam</span> <span class='ocrx_word' id='word_1_45' title='bbox 1776 1377 1965 1453; x_wconf 81' lang='lat' dir='ltr'>Iuris</span> <span class='ocrx_word' id='word_1_46' title='bbox 2012 1377 2352 1465; x_wconf 89' lang='lat' dir='ltr'>Romani,</span> <span class='ocrx_word' id='word_1_47' title='bbox 2405 1376 2584 1452; x_wconf 88' lang='lat' dir='ltr'>duce</span> <span class='ocrx_word' id='word_1_48' title='bbox 2631 1374 2994 1455; x_wconf 87' lang='lat' dir='ltr'>Rudorffio</span> <span class='ocrx_word' id='word_1_49' title='bbox 3013 1432 3036 1465; x_wconf 91' lang='lat'>,</span> <span class='ocrx_word' id='word_1_50' title='bbox 3085 1374 3436 1453; x_wconf 72' lang='lat' dir='ltr'>enarrabit</span> <span class='ocrx_word' id='word_1_51' title='bbox 3451 1366 3514 1468; x_wconf 54' lang='lat'>,&#39;</span> 
     </span>
     <span class='ocr_line' id='line_1_7' title="bbox 909 1496 3864 1588; baseline -0 -12"><span class='ocrx_word' id='word_1_52' title='bbox 909 1498 1151 1576; x_wconf 79' lang='lat' dir='ltr'>diebus</span> <span class='ocrx_word' id='word_1_53' title='bbox 1199 1499 1443 1575; x_wconf 88' lang='lat' dir='ltr'>Lunae</span> <span class='ocrx_word' id='word_1_54' title='bbox 1461 1557 1483 1588; x_wconf 89' lang='lat'>,</span> <span class='ocrx_word' id='word_1_55' title='bbox 1530 1496 1784 1573; x_wconf 80' lang='lat' dir='ltr'>Martia</span> <span class='ocrx_word' id='word_1_56' title='bbox 1832 1505 1904 1572; x_wconf 88' lang='lat' dir='ltr'>et</span> <span class='ocrx_word' id='word_1_57' title='bbox 1954 1496 2287 1573; x_wconf 86' lang='lat' dir='ltr'>Mercurii</span> <span class='ocrx_word' id='word_1_58' title='bbox 2300 1548 3478 1586; x_wconf 85' lang='lat'><strong>.................</strong></span> <span class='ocrx_word' id='word_1_59' title='bbox 3738 1496 3864 1575; x_wconf 88' lang='lat' dir='ltr'>IX.</span> 
     </span>
     <span class='ocr_line' id='line_1_8' title="bbox 999 1610 3476 1719; baseline -0.002 -24"><span class='ocrx_word' id='word_1_60' title='bbox 999 1618 1621 1719; x_wconf 82' lang='lat' dir='ltr'>Encyclopaediam</span> <span class='ocrx_word' id='word_1_61' title='bbox 1696 1625 1771 1694; x_wconf 91' lang='lat' dir='ltr'>et</span> <span class='ocrx_word' id='word_1_62' title='bbox 1840 1616 2440 1716; x_wconf 82' lang='lat' dir='ltr'>Methodologiam</span> <span class='ocrx_word' id='word_1_63' title='bbox 2504 1615 2693 1691; x_wconf 87' lang='lat' dir='ltr'>Iuris</span> <span class='ocrx_word' id='word_1_64' title='bbox 2759 1610 3164 1713; x_wconf 80' lang='lat' dir='ltr'>explicabit,</span> <span class='ocrx_word' id='word_1_65' title='bbox 3225 1613 3476 1691; x_wconf 79' lang='lat' dir='ltr'>iisdem</span> 
     </span>
     <span class='ocr_line' id='line_1_9' title="bbox 1100 1735 3864 1829; baseline 0 -16"><span class='ocrx_word' id='word_1_66' title='bbox 1100 1737 1389 1829; x_wconf 77' lang='lat' dir='ltr'>diebus,</span> <span class='ocrx_word' id='word_1_67' title='bbox 1463 1795 1482 1815; x_wconf 91' lang='lat'><strong>.</strong></span> <span class='ocrx_word' id='word_1_68' title='bbox 1556 1788 3474 1816; x_wconf 89' lang='grc'><strong>...........................</strong></span> <span class='ocrx_word' id='word_1_69' title='bbox 3766 1735 3864 1815; x_wconf 91' lang='grc' dir='ltr'>Χ.</span> 
     </span>
     <span class='ocr_line' id='line_1_10' title="bbox 999 1852 3858 1957; baseline 0.001 -29"><span class='ocrx_word' id='word_1_70' title='bbox 999 1854 1125 1929; x_wconf 82' lang='lat' dir='ltr'>Ius</span> <span class='ocrx_word' id='word_1_71' title='bbox 1180 1856 1665 1933; x_wconf 77' lang='lat' dir='ltr'>mercatoriam</span> <span class='ocrx_word' id='word_1_72' title='bbox 1710 1863 2045 1957; x_wconf 83' lang='lat' dir='ltr'>exponet,</span> <span class='ocrx_word' id='word_1_73' title='bbox 2110 1854 2361 1932; x_wconf 86' lang='lat' dir='ltr'>diebus</span> <span class='ocrx_word' id='word_1_74' title='bbox 2405 1854 2624 1944; x_wconf 80' lang='lat' dir='ltr'>Iovia,</span> <span class='ocrx_word' id='word_1_75' title='bbox 2684 1852 2977 1931; x_wconf 83' lang='lat' dir='ltr'>Veneris</span> <span class='ocrx_word' id='word_1_76' title='bbox 3025 1861 3099 1927; x_wconf 91' lang='lat' dir='ltr'>et</span> <span class='ocrx_word' id='word_1_77' title='bbox 3148 1853 3470 1943; x_wconf 85' lang='lat' dir='ltr'>Saturni,</span> <span class='ocrx_word' id='word_1_78' title='bbox 3761 1854 3858 1931; x_wconf 88' lang='lat' dir='ltr'>X.</span> 
     </span>
     <span class='ocr_line' id='line_1_11' title="bbox 998 1971 3861 2075; baseline 0.001 -28"><span class='ocrx_word' id='word_1_79' title='bbox 998 1973 1125 2048; x_wconf 85' lang='lat' dir='ltr'>Ius</span> <span class='ocrx_word' id='word_1_80' title='bbox 1172 1972 1715 2051; x_wconf 83' lang='lat' dir='ltr'>Neerlandicum</span> <span class='ocrx_word' id='word_1_81' title='bbox 1757 1974 2156 2075; x_wconf 86' lang='lat' dir='ltr'>Antiquum</span> <span class='ocrx_word' id='word_1_82' title='bbox 2196 1973 2802 2074; x_wconf 84' lang='lat' dir='ltr'>interpretabitur,</span> <span class='ocrx_word' id='word_1_83' title='bbox 2871 1971 2987 2047; x_wconf 91' lang='lat' dir='ltr'>die</span> <span class='ocrx_word' id='word_1_84' title='bbox 3031 1972 3257 2064; x_wconf 81' lang='lat' dir='ltr'>Iovia,</span> <span class='ocrx_word' id='word_1_85' title='bbox 3307 2031 3327 2051; x_wconf 92' lang='lat'><strong>.</strong></span> <span class='ocrx_word' id='word_1_86' title='bbox 3381 2030 3400 2051; x_wconf 89' lang='lat'><strong>.</strong></span> <span class='ocrx_word' id='word_1_87' title='bbox 3451 2031 3472 2052; x_wconf 87' lang='lat'><strong>.</strong></span> <span class='ocrx_word' id='word_1_88' title='bbox 3488 1972 3861 2054; x_wconf 80' lang='lat' dir='ltr'>Vl-an.</span> 
     </span>
     <span class='ocr_line' id='line_1_12' title="bbox 812 2091 3476 2194; baseline 0.002 -30"><span class='ocrx_word' id='word_1_89' title='bbox 812 2104 872 2165; x_wconf 90' lang='lat' dir='ltr'>S.</span> <span class='ocrx_word' id='word_1_90' title='bbox 911 2102 1327 2164; x_wconf 81' lang='lat' dir='ltr'>VISSERING</span> <span class='ocrx_word' id='word_1_91' title='bbox 1374 2093 1799 2171; x_wconf 81' lang='lat' dir='ltr'>Statisticam</span> <span class='ocrx_word' id='word_1_92' title='bbox 1841 2094 2118 2171; x_wconf 77' lang='lat' dir='ltr'>Patriae</span> <span class='ocrx_word' id='word_1_93' title='bbox 2157 2093 2564 2194; x_wconf 82' lang='lat' dir='ltr'>explicabit,</span> <span class='ocrx_word' id='word_1_94' title='bbox 2605 2092 2858 2169; x_wconf 80' lang='lat' dir='ltr'>diebus</span> <span class='ocrx_word' id='word_1_95' title='bbox 2894 2091 3172 2183; x_wconf 85' lang='lat' dir='ltr'>Lunae,</span> <span class='ocrx_word' id='word_1_96' title='bbox 3221 2092 3476 2169; x_wconf 81' lang='lat' dir='ltr'>Martis</span> 
     </span>
     <span class='ocr_line' id='line_1_13' title="bbox 907 2210 3864 2300; baseline 0.001 -13"><span class='ocrx_word' id='word_1_97' title='bbox 907 2216 977 2287; x_wconf 90' lang='lat' dir='ltr'>et</span> <span class='ocrx_word' id='word_1_98' title='bbox 1026 2210 1399 2300; x_wconf 83' lang='lat' dir='ltr'>Mercurii,</span> <span class='ocrx_word' id='word_1_99' title='bbox 1472 2270 1491 2289; x_wconf 93' lang='lat'>.</span> <span class='ocrx_word' id='word_1_100' title='bbox 1564 2267 3470 2291; x_wconf 90' lang='grc'><strong>...........................</strong></span> <span class='ocrx_word' id='word_1_101' title='bbox 3729 2212 3864 2293; x_wconf 87' lang='grc' dir='ltr'>ΧΙ.</span> 
     </span>
     <span class='ocr_line' id='line_1_14' title="bbox 1000 2329 3864 2433; baseline 0.001 -27"><span class='ocrx_word' id='word_1_102' title='bbox 1000 2330 1387 2407; x_wconf 78' lang='lat' dir='ltr'>Historiam</span> <span class='ocrx_word' id='word_1_103' title='bbox 1441 2332 1765 2433; x_wconf 85' lang='lat' dir='ltr'>Europae</span> <span class='ocrx_word' id='word_1_104' title='bbox 1828 2330 2381 2433; x_wconf 82' lang='lat' dir='ltr'>diplomaticam,</span> <span class='ocrx_word' id='word_1_105' title='bbox 2439 2330 2690 2406; x_wconf 81' lang='lat' dir='ltr'>iisdem</span> <span class='ocrx_word' id='word_1_106' title='bbox 2739 2329 2992 2409; x_wconf 77' lang='lat' dir='ltr'>diebus</span> <span class='ocrx_word' id='word_1_107' title='bbox 3008 2389 3466 2422; x_wconf 89' lang='lat'>.......</span> <span class='ocrx_word' id='word_1_108' title='bbox 3799 2334 3864 2410; x_wconf 97' lang='grc' dir='ltr'>Ι.</span> 
     </span>
     <span class='ocr_line' id='line_1_15' title="bbox 1000 2450 3865 2551; baseline 0.002 -27"><span class='ocrx_word' id='word_1_109' title='bbox 1000 2450 1495 2527; x_wconf 81' lang='lat' dir='ltr'>oeconomiam</span> <span class='ocrx_word' id='word_1_110' title='bbox 1539 2450 1924 2551; x_wconf 84' lang='lat' dir='ltr'>politicam,</span> <span class='ocrx_word' id='word_1_111' title='bbox 1976 2450 2092 2526; x_wconf 90' lang='lat' dir='ltr'>die</span> <span class='ocrx_word' id='word_1_112' title='bbox 2138 2450 2355 2540; x_wconf 75' lang='lat' dir='ltr'>Iovia,</span> <span class='ocrx_word' id='word_1_113' title='bbox 2428 2506 3468 2531; x_wconf 90' lang='grc'><strong>...............</strong></span> <span class='ocrx_word' id='word_1_114' title='bbox 3541 2452 3648 2530; x_wconf 88' lang='lat' dir='ltr'>XI</span> <span class='ocrx_word' id='word_1_115' title='bbox 3675 2461 3748 2529; x_wconf 91' lang='lat' dir='ltr'>et</span> <span class='ocrx_word' id='word_1_116' title='bbox 3783 2454 3865 2544; x_wconf 87' lang='grc' dir='ltr'>Ι,</span> 
     </span>
     <span class='ocr_line' id='line_1_16' title="bbox 1194 2570 3886 2671; baseline 0.001 -26"><span class='ocrx_word' id='word_1_117' title='bbox 1194 2574 1269 2645; x_wconf 89' lang='lat' dir='ltr'>et</span> <span class='ocrx_word' id='word_1_118' title='bbox 1336 2570 1449 2645; x_wconf 92' lang='lat' dir='ltr'>die</span> <span class='ocrx_word' id='word_1_119' title='bbox 1510 2570 1801 2647; x_wconf 80' lang='lat' dir='ltr'>Veneris</span> <span class='ocrx_word' id='word_1_120' title='bbox 1816 2630 1837 2660; x_wconf 92' lang='lat'>,</span> <span class='ocrx_word' id='word_1_121' title='bbox 1905 2625 3468 2649; x_wconf 88' lang='grc'><strong>......................</strong></span> <span class='ocrx_word' id='word_1_122' title='bbox 3729 2571 3886 2671; x_wconf 50' lang='grc' dir='ltr'>ΧΙ.δ</span> 
     </span>
     <span class='ocr_line' id='line_1_17' title="bbox 996 2687 3864 2789; baseline 0.002 -27"><span class='ocrx_word' id='word_1_123' title='bbox 996 2687 1425 2789; x_wconf 78' lang='lat' dir='ltr'>Disputandi</span> <span class='ocrx_word' id='word_1_124' title='bbox 1472 2690 1795 2766; x_wconf 80' lang='lat' dir='ltr'>exercitia</span> <span class='ocrx_word' id='word_1_125' title='bbox 1842 2688 2317 2765; x_wconf 87' lang='lat' dir='ltr'>moderabitur</span> <span class='ocrx_word' id='word_1_126' title='bbox 2334 2748 2357 2779; x_wconf 93' lang='lat'>,</span> <span class='ocrx_word' id='word_1_127' title='bbox 2410 2689 2524 2764; x_wconf 89' lang='lat' dir='ltr'>die</span> <span class='ocrx_word' id='word_1_128' title='bbox 2570 2687 2861 2763; x_wconf 83' lang='lat' dir='ltr'>Veneris</span> <span class='ocrx_word' id='word_1_129' title='bbox 2875 2744 3476 2777; x_wconf 86' lang='lat'>.........</span> <span class='ocrx_word' id='word_1_130' title='bbox 3759 2692 3864 2767; x_wconf 91' lang='lat' dir='ltr'>II.</span> 
     </span>
     <span class='ocr_line' id='line_1_18' title="bbox 802 2806 3470 2897; baseline 0.001 -17"><span class='ocrx_word' id='word_1_131' title='bbox 802 2818 879 2879; x_wconf 76' lang='grc' dir='ltr'>Β.</span> <span class='ocrx_word' id='word_1_132' title='bbox 918 2818 986 2881; x_wconf 76' lang='lat' dir='ltr'>r.</span> <span class='ocrx_word' id='word_1_133' title='bbox 1023 2819 1105 2881; x_wconf 82' lang='lat' dir='ltr'>H.</span> <span class='ocrx_word' id='word_1_134' title='bbox 1145 2820 1212 2882; x_wconf 79' lang='grc' dir='ltr'>Ρ.</span> <span class='ocrx_word' id='word_1_135' title='bbox 1252 2820 1325 2881; x_wconf 82' lang='lat' dir='ltr'>L.</span> <span class='ocrx_word' id='word_1_136' title='bbox 1366 2824 1441 2883; x_wconf 75' lang='lat' dir='ltr'>A.</span> <span class='ocrx_word' id='word_1_137' title='bbox 1478 2822 1651 2883; x_wconf 72' lang='lat' dir='ltr'>vAN</span> <span class='ocrx_word' id='word_1_138' title='bbox 1688 2820 2069 2883; x_wconf 59' lang='lat' dir='ltr'>Romaim.</span> <span class='ocrx_word' id='word_1_139' title='bbox 2108 2821 2373 2883; x_wconf 63' lang='lat' dir='ltr'>ranan</span> <span class='ocrx_word' id='word_1_140' title='bbox 2412 2808 2526 2884; x_wconf 78' lang='lat' dir='ltr'>ius</span> <span class='ocrx_word' id='word_1_141' title='bbox 2573 2808 2772 2884; x_wconf 80' lang='lat' dir='ltr'>civile</span> <span class='ocrx_word' id='word_1_142' title='bbox 2809 2806 3222 2897; x_wconf 77' lang='lat' dir='ltr'>hodiernum</span> <span class='ocrx_word' id='word_1_143' title='bbox 3257 2806 3470 2889; x_wconf 82' lang='lat' dir='ltr'>inter·</span> 
     </span>
     <span class='ocr_line' id='line_1_19' title="bbox 904 2926 3870 3027; baseline 0.002 -25"><span class='ocrx_word' id='word_1_144' title='bbox 904 2926 1292 3027; x_wconf 82' lang='lat' dir='ltr'>pretabitur</span> <span class='ocrx_word' id='word_1_145' title='bbox 1360 2928 1475 3004; x_wconf 90' lang='lat' dir='ltr'>die</span> <span class='ocrx_word' id='word_1_146' title='bbox 1537 2929 1862 3018; x_wconf 86' lang='lat' dir='ltr'>Saturni,</span> <span class='ocrx_word' id='word_1_147' title='bbox 1928 2982 3479 3009; x_wconf 88' lang='grc'><strong>......................</strong></span> <span class='ocrx_word' id='word_1_148' title='bbox 3713 2926 3829 3009; x_wconf 88' lang='lat' dir='ltr'>XI</span> <span class='ocrx_word' id='word_1_149' title='bbox 3846 2985 3870 3018; x_wconf 90' lang='lat'>‚</span> 
     </span>
     <span class='ocr_line' id='line_1_20' title="bbox 1196 3046 3868 3140; baseline 0.001 -16"><span class='ocrx_word' id='word_1_150' title='bbox 1196 3055 1271 3125; x_wconf 91' lang='lat' dir='ltr'>et</span> <span class='ocrx_word' id='word_1_151' title='bbox 1320 3049 1571 3125; x_wconf 81' lang='lat' dir='ltr'>diebus</span> <span class='ocrx_word' id='word_1_152' title='bbox 1616 3049 1845 3140; x_wconf 78' lang='lat' dir='ltr'>Iovia,</span> <span class='ocrx_word' id='word_1_153' title='bbox 1895 3049 2187 3126; x_wconf 81' lang='lat' dir='ltr'>Veneris</span> <span class='ocrx_word' id='word_1_154' title='bbox 2233 3057 2307 3125; x_wconf 89' lang='lat' dir='ltr'>et</span> <span class='ocrx_word' id='word_1_155' title='bbox 2356 3049 2640 3126; x_wconf 84' lang='lat' dir='ltr'>Saturni</span> <span class='ocrx_word' id='word_1_156' title='bbox 2661 3103 3475 3140; x_wconf 85' lang='grc'><strong>............</strong></span> <span class='ocrx_word' id='word_1_157' title='bbox 3690 3046 3868 3126; x_wconf 86' lang='lat' dir='ltr'>XII.</span> 
     </span>
     <span class='ocr_line' id='line_1_21' title="bbox 995 3165 3870 3270; baseline 0 -27"><span class='ocrx_word' id='word_1_158' title='bbox 995 3167 1265 3268; x_wconf 87' lang='lat' dir='ltr'>Legem</span> <span class='ocrx_word' id='word_1_159' title='bbox 1312 3169 1744 3246; x_wconf 90' lang='lat' dir='ltr'>Iudiciorum</span> <span class='ocrx_word' id='word_1_160' title='bbox 1790 3170 2214 3270; x_wconf 86' lang='lat' dir='ltr'>privatorum</span> <span class='ocrx_word' id='word_1_161' title='bbox 2261 3169 2514 3246; x_wconf 86' lang='lat' dir='ltr'>iisdem</span> <span class='ocrx_word' id='word_1_162' title='bbox 2561 3169 2851 3258; x_wconf 69' lang='lat' dir='ltr'>diebuS,</span> <span class='ocrx_word' id='word_1_163' title='bbox 2924 3226 2944 3245; x_wconf 91' lang='lat'><strong>.</strong></span> <span class='ocrx_word' id='word_1_164' title='bbox 3027 3225 3046 3243; x_wconf 90' lang='lat'><strong>.</strong></span> <span class='ocrx_word' id='word_1_165' title='bbox 3098 3224 3118 3244; x_wconf 92' lang='lat'><strong>.</strong></span> <span class='ocrx_word' id='word_1_166' title='bbox 3173 3223 3192 3243; x_wconf 92' lang='lat'><strong>.</strong></span> <span class='ocrx_word' id='word_1_167' title='bbox 3246 3224 3264 3242; x_wconf 92' lang='lat'><strong>.</strong></span> <span class='ocrx_word' id='word_1_168' title='bbox 3304 3189 3378 3248; x_wconf 85' lang='grc'>·.</span> <span class='ocrx_word' id='word_1_169' title='bbox 3385 3215 3409 3244; x_wconf 55' lang='lat' dir='ltr'>r</span> <span class='ocrx_word' id='word_1_170' title='bbox 3463 3225 3480 3243; x_wconf 90' lang='lat'><strong>.</strong></span> <span class='ocrx_word' id='word_1_171' title='bbox 3805 3165 3870 3243; x_wconf 89' lang='grc' dir='ltr'>Ι.</span> 
     </span>
     <span class='ocr_line' id='line_1_22' title="bbox 808 3287 3482 3390; baseline 0.001 -30"><span class='ocrx_word' id='word_1_172' title='bbox 808 3299 863 3360; x_wconf 90' lang='grc' dir='ltr'>Ι.</span> <span class='ocrx_word' id='word_1_173' title='bbox 902 3299 973 3362; x_wconf 78' lang='lat' dir='ltr'>E.</span> <span class='ocrx_word' id='word_1_174' title='bbox 1016 3299 1433 3364; x_wconf 76' lang='lat' dir='ltr'>GOUDSMIT</span> <span class='ocrx_word' id='word_1_175' title='bbox 1470 3289 2027 3390; x_wconf 87' lang='lat' dir='ltr'>interpretabiter</span> <span class='ocrx_word' id='word_1_176' title='bbox 2067 3292 2546 3367; x_wconf 61' lang='lat' dir='ltr'>[restitutiones</span> <span class='ocrx_word' id='word_1_177' title='bbox 2592 3288 2981 3366; x_wconf 83' lang='lat' dir='ltr'>secundum</span> <span class='ocrx_word' id='word_1_178' title='bbox 3027 3287 3482 3364; x_wconf 86' lang='lat' dir='ltr'>Lineamenta</span> 
     </span>
     <span class='ocr_line' id='line_1_23' title="bbox 911 3403 3864 3501; baseline 0.003 -25"><span class='ocrx_word' id='word_1_179' title='bbox 911 3403 1061 3481; x_wconf 84' lang='lat' dir='ltr'>Viri</span> <span class='ocrx_word' id='word_1_180' title='bbox 1076 3405 1181 3482; x_wconf 82' lang='lat' dir='ltr'>cl.</span> <span class='ocrx_word' id='word_1_181' title='bbox 1188 3427 1339 3482; x_wconf 65' lang='lat' dir='ltr'>vau</span> <span class='ocrx_word' id='word_1_182' title='bbox 1353 3430 1605 3496; x_wconf 76' lang='grc' dir='ltr'><strong>Αεαιιιῐ,</strong></span> <span class='ocrx_word' id='word_1_183' title='bbox 1623 3406 1872 3484; x_wconf 82' lang='lat' dir='ltr'>diebus</span> <span class='ocrx_word' id='word_1_184' title='bbox 1890 3409 2159 3499; x_wconf 89' lang='lat' dir='ltr'>Lunae,</span> <span class='ocrx_word' id='word_1_185' title='bbox 2182 3407 2459 3498; x_wconf 77' lang='lat' dir='ltr'>Martia,</span> <span class='ocrx_word' id='word_1_186' title='bbox 2483 3408 2835 3500; x_wconf 86' lang='lat' dir='ltr'>Mercurii,</span> <span class='ocrx_word' id='word_1_187' title='bbox 2849 3407 3036 3484; x_wconf 84' lang='lat' dir='ltr'>Iovis</span> <span class='ocrx_word' id='word_1_188' title='bbox 3057 3414 3130 3482; x_wconf 89' lang='lat' dir='ltr'>et</span> <span class='ocrx_word' id='word_1_189' title='bbox 3143 3405 3476 3501; x_wconf 78' lang='lat' dir='ltr'>Veneris,</span> <span class='ocrx_word' id='word_1_190' title='bbox 3688 3404 3864 3484; x_wconf 90' lang='grc' dir='ltr'>ΧΠ.</span> 
     </span>
    </p>
   </div>
   <div class='ocr_carea' id='block_1_3' title="bbox 1000 3523 3870 3856">
    <p class='ocr_par' dir='ltr' id='par_1_3' title="bbox 1000 3523 3870 3856">
     <span class='ocr_line' id='line_1_24' title="bbox 1000 3523 3865 3626; baseline 0.001 -25"><span class='ocrx_word' id='word_1_191' title='bbox 1000 3527 1338 3626; x_wconf 68' lang='lat' dir='ltr'>Diqeela,</span> <span class='ocrx_word' id='word_1_192' title='bbox 1389 3525 1638 3603; x_wconf 82' lang='lat' dir='ltr'>diebus</span> <span class='ocrx_word' id='word_1_193' title='bbox 1685 3528 1937 3605; x_wconf 80' lang='lat' dir='ltr'>Martia</span> <span class='ocrx_word' id='word_1_194' title='bbox 1958 3584 1981 3621; x_wconf 94' lang='lat'>,</span> <span class='ocrx_word' id='word_1_195' title='bbox 2031 3528 2364 3604; x_wconf 83' lang='lat' dir='ltr'>Mercurii</span> <span class='ocrx_word' id='word_1_196' title='bbox 2382 3585 2404 3618; x_wconf 92' lang='lat'>,</span> <span class='ocrx_word' id='word_1_197' title='bbox 2455 3528 2640 3604; x_wconf 78' lang='lat' dir='ltr'>Iovis</span> <span class='ocrx_word' id='word_1_198' title='bbox 2658 3586 2679 3618; x_wconf 93' lang='lat'>‚</span> <span class='ocrx_word' id='word_1_199' title='bbox 2728 3527 3018 3604; x_wconf 77' lang='lat' dir='ltr'>Veneria</span> <span class='ocrx_word' id='word_1_200' title='bbox 3053 3535 3126 3602; x_wconf 86' lang='lat' dir='ltr'>et</span> <span class='ocrx_word' id='word_1_201' title='bbox 3151 3525 3475 3616; x_wconf 88' lang='lat' dir='ltr'>Saturni,</span> <span class='ocrx_word' id='word_1_202' title='bbox 3730 3523 3865 3603; x_wconf 85' lang='lat' dir='ltr'>IX.</span> 
     </span>
     <span class='ocr_line' id='line_1_25' title="bbox 1002 3644 3478 3747; baseline 0 -27"><span class='ocrx_word' id='word_1_203' title='bbox 1002 3644 1425 3747; x_wconf 81' lang='lat' dir='ltr'>Disputandi</span> <span class='ocrx_word' id='word_1_204' title='bbox 1480 3647 1822 3724; x_wconf 86' lang='lat' dir='ltr'>exercitiis</span> <span class='ocrx_word' id='word_1_205' title='bbox 1886 3649 1975 3724; x_wconf 91' lang='lat' dir='ltr'>de</span> <span class='ocrx_word' id='word_1_206' title='bbox 2040 3650 2204 3723; x_wconf 88' lang='lat' dir='ltr'>Iure</span> <span class='ocrx_word' id='word_1_207' title='bbox 2265 3649 2586 3723; x_wconf 88' lang='lat' dir='ltr'>Romano</span> <span class='ocrx_word' id='word_1_208' title='bbox 2637 3653 3010 3747; x_wconf 66' lang='lat' dir='ltr'>praeerunt</span> <span class='ocrx_word' id='word_1_209' title='bbox 3055 3659 3109 3721; x_wconf 88' lang='grc' dir='ltr'>Ι.</span> <span class='ocrx_word' id='word_1_210' title='bbox 3149 3658 3255 3720; x_wconf 80' lang='lat' dir='ltr'>DE</span> <span class='ocrx_word' id='word_1_211' title='bbox 3297 3657 3478 3720; x_wconf 78' lang='lat' dir='ltr'>WAL</span> 
     </span>
     <span class='ocr_line' id='line_1_26' title="bbox 1096 3764 3870 3856; baseline 0.001 -18"><span class='ocrx_word' id='word_1_212' title='bbox 1096 3774 1167 3839; x_wconf 84' lang='lat' dir='ltr'>et</span> <span class='ocrx_word' id='word_1_213' title='bbox 1212 3777 1267 3839; x_wconf 89' lang='lat'>1.</span> <span class='ocrx_word' id='word_1_214' title='bbox 1306 3779 1379 3838; x_wconf 76' lang='lat' dir='ltr'>E.</span> <span class='ocrx_word' id='word_1_215' title='bbox 1422 3777 1868 3854; x_wconf 69' lang='lat' dir='ltr'>(munaum,</span> <span class='ocrx_word' id='word_1_216' title='bbox 1908 3767 2024 3844; x_wconf 82' lang='lat' dir='ltr'>die</span> <span class='ocrx_word' id='word_1_217' title='bbox 2072 3767 2363 3856; x_wconf 78' lang='lat' dir='ltr'>Martis,</span> <span class='ocrx_word' id='word_1_218' title='bbox 2433 3823 3472 3845; x_wconf 88' lang='grc'><strong>...............</strong></span> <span class='ocrx_word' id='word_1_219' title='bbox 3765 3764 3870 3840; x_wconf 92' lang='grc' dir='ltr'>ΙΙ.</span> 
     </span>
    </p>
   </div>
   <div class='ocr_carea' id='block_1_4' title="bbox 1744 3981 2940 4084">
    <p class='ocr_par' dir='ltr' id='par_1_4' title="bbox 1744 3981 2940 4084">
     <span class='ocr_line' id='line_1_27' title="bbox 1744 3981 2940 4084; baseline 0.002 -2"><span class='ocrx_word' id='word_1_220' title='bbox 1744 4006 2234 4084; x_wconf 71' lang='lat' dir='ltr'>FAan&#39;rAs</span> <span class='ocrx_word' id='word_1_221' title='bbox 2292 3981 2940 4084; x_wconf 71' lang='lat' dir='ltr'>rnaon&#39;offlcA.</span> 
     </span>
    </p>
   </div>
   <div class='ocr_carea' id='block_1_5' title="bbox 799 4243 3474 4586">
    <p class='ocr_par' dir='ltr' id='par_1_5' title="bbox 799 4243 3474 4586">
     <span class='ocr_line' id='line_1_28' title="bbox 804 4243 3474 4346; baseline 0.004 -34"><span class='ocrx_word' id='word_1_222' title='bbox 804 4251 907 4314; x_wconf 84' lang='lat' dir='ltr'>w.</span> <span class='ocrx_word' id='word_1_223' title='bbox 949 4254 1024 4315; x_wconf 77' lang='lat' dir='ltr'>A.</span> <span class='ocrx_word' id='word_1_224' title='bbox 1060 4255 1228 4317; x_wconf 79' lang='lat' dir='ltr'>VAN</span> <span class='ocrx_word' id='word_1_225' title='bbox 1268 4255 1633 4332; x_wconf 80' lang='lat' dir='ltr'>HENGEL,</span> <span class='ocrx_word' id='word_1_226' title='bbox 1675 4255 2034 4346; x_wconf 84' lang='lat' dir='ltr'>provectae</span> <span class='ocrx_word' id='word_1_227' title='bbox 2086 4244 2335 4322; x_wconf 81' lang='lat' dir='ltr'>aetatis</span> <span class='ocrx_word' id='word_1_228' title='bbox 2387 4271 2598 4322; x_wconf 84' lang='lat' dir='ltr'>causa</span> <span class='ocrx_word' id='word_1_229' title='bbox 2640 4246 2818 4323; x_wconf 87' lang='lat' dir='ltr'>rude</span> <span class='ocrx_word' id='word_1_230' title='bbox 2865 4243 3206 4335; x_wconf 78' lang='lat' dir='ltr'>donatus,</span> <span class='ocrx_word' id='word_1_231' title='bbox 3251 4270 3474 4345; x_wconf 84' lang='lat' dir='ltr'>quan-</span> 
     </span>
     <span class='ocr_line' id='line_1_29' title="bbox 912 4364 3377 4466; baseline 0.003 -32"><span class='ocrx_word' id='word_1_232' title='bbox 912 4367 1064 4436; x_wconf 91' lang='lat' dir='ltr'>tum</span> <span class='ocrx_word' id='word_1_233' title='bbox 1108 4388 1233 4463; x_wconf 90' lang='lat' dir='ltr'>per</span> <span class='ocrx_word' id='word_1_234' title='bbox 1276 4365 1460 4442; x_wconf 78' lang='lat' dir='ltr'>vires</span> <span class='ocrx_word' id='word_1_235' title='bbox 1505 4365 1775 4455; x_wconf 89' lang='lat' dir='ltr'>licebit,</span> <span class='ocrx_word' id='word_1_236' title='bbox 1820 4365 2239 4442; x_wconf 86' lang='lat' dir='ltr'>Academiae</span> <span class='ocrx_word' id='word_1_237' title='bbox 2282 4366 2584 4442; x_wconf 82' lang='lat' dir='ltr'>alumnis</span> <span class='ocrx_word' id='word_1_238' title='bbox 2622 4364 2950 4466; x_wconf 77' lang='lat' dir='ltr'>prodesse</span> <span class='ocrx_word' id='word_1_239' title='bbox 2991 4365 3377 4443; x_wconf 88' lang='lat' dir='ltr'>conabitur.</span> 
     </span>
     <span class='ocr_line' id='line_1_30' title="bbox 799 4484 3468 4586; baseline 0.002 -30"><span class='ocrx_word' id='word_1_240' title='bbox 799 4493 891 4556; x_wconf 83' lang='lat' dir='ltr'>N.</span> <span class='ocrx_word' id='word_1_241' title='bbox 935 4492 1002 4554; x_wconf 84' lang='lat' dir='ltr'>c.</span> <span class='ocrx_word' id='word_1_242' title='bbox 1042 4493 1220 4557; x_wconf 76' lang='lat' dir='ltr'>KIST</span> <span class='ocrx_word' id='word_1_243' title='bbox 1266 4485 1653 4562; x_wconf 79' lang='lat' dir='ltr'>Historiam</span> <span class='ocrx_word' id='word_1_244' title='bbox 1709 4486 2237 4562; x_wconf 77' lang='lat' dir='ltr'>ecclesiasticam</span> <span class='ocrx_word' id='word_1_245' title='bbox 2298 4485 2609 4575; x_wconf 89' lang='lat' dir='ltr'>docebit,</span> <span class='ocrx_word' id='word_1_246' title='bbox 2675 4484 3020 4586; x_wconf 80' lang='lat' dir='ltr'>imprimis</span> <span class='ocrx_word' id='word_1_247' title='bbox 3077 4489 3468 4586; x_wconf 78' lang='lat' dir='ltr'>antiquam,</span> 
     </span>
    </p>
   </div>
   <div class='ocr_carea' id='block_1_6' title="bbox 766 4599 3863 4937">
    <p class='ocr_par' dir='ltr' id='par_1_6' title="bbox 766 4599 3863 4937">
     <span class='ocr_line' id='line_1_31' title="bbox 766 4599 3863 4726; baseline 0.002 -51"><span class='ocrx_word' id='word_1_248' title='bbox 766 4704 777 4726; x_wconf 48' lang='lat'><strong>·</strong></span> <span class='ocrx_word' id='word_1_249' title='bbox 912 4599 1158 4678; x_wconf 78' lang='lat' dir='ltr'>diebus</span> <span class='ocrx_word' id='word_1_250' title='bbox 1199 4603 1481 4696; x_wconf 89' lang='lat' dir='ltr'>Lunae,</span> <span class='ocrx_word' id='word_1_251' title='bbox 1529 4605 1782 4681; x_wconf 88' lang='lat' dir='ltr'>Martis</span> <span class='ocrx_word' id='word_1_252' title='bbox 1822 4612 1895 4681; x_wconf 91' lang='lat' dir='ltr'>et</span> <span class='ocrx_word' id='word_1_253' title='bbox 1939 4606 2272 4681; x_wconf 89' lang='lat' dir='ltr'>Mercurii</span> <span class='ocrx_word' id='word_1_254' title='bbox 2283 4659 3466 4696; x_wconf 88' lang='grc'><strong>.................</strong></span> <span class='ocrx_word' id='word_1_255' title='bbox 3687 4599 3863 4680; x_wconf 88' lang='lat' dir='ltr'>XII.</span> 
     </span>
     <span class='ocr_line' id='line_1_32' title="bbox 1016 4719 3469 4826; baseline 0.001 -30"><span class='ocrx_word' id='word_1_256' title='bbox 1016 4719 1443 4800; x_wconf 85' lang='lat' dir='ltr'>Christianae</span> <span class='ocrx_word' id='word_1_257' title='bbox 1520 4725 1808 4802; x_wconf 86' lang='lat' dir='ltr'>Morum</span> <span class='ocrx_word' id='word_1_258' title='bbox 1878 4725 2301 4825; x_wconf 81' lang='lat' dir='ltr'>Disciplinae</span> <span class='ocrx_word' id='word_1_259' title='bbox 2372 4732 2642 4826; x_wconf 87' lang='lat' dir='ltr'>partem</span> <span class='ocrx_word' id='word_1_260' title='bbox 2715 4731 3014 4826; x_wconf 85' lang='lat' dir='ltr'>exponet</span> <span class='ocrx_word' id='word_1_261' title='bbox 3079 4723 3469 4798; x_wconf 69' lang='lat' dir='ltr'>historicam</span> 
     </span>
     <span class='ocr_line' id='line_1_33' title="bbox 1110 4839 3860 4937; baseline 0 -21"><span class='ocrx_word' id='word_1_262' title='bbox 1110 4848 1181 4917; x_wconf 89' lang='lat' dir='ltr'>et</span> <span class='ocrx_word' id='word_1_263' title='bbox 1235 4846 1623 4937; x_wconf 71' lang='lat' dir='ltr'>asceticam,</span> <span class='ocrx_word' id='word_1_264' title='bbox 1695 4845 1945 4922; x_wconf 82' lang='lat' dir='ltr'>diebus</span> <span class='ocrx_word' id='word_1_265' title='bbox 1994 4845 2236 4922; x_wconf 89' lang='lat' dir='ltr'>Lunae</span> <span class='ocrx_word' id='word_1_266' title='bbox 2250 4903 2273 4936; x_wconf 87' lang='lat'>,</span> <span class='ocrx_word' id='word_1_267' title='bbox 2338 4845 2670 4922; x_wconf 88' lang='lat' dir='ltr'>Mercurii</span> <span class='ocrx_word' id='word_1_268' title='bbox 2721 4852 2793 4920; x_wconf 89' lang='lat' dir='ltr'>et</span> <span class='ocrx_word' id='word_1_269' title='bbox 2841 4842 3130 4918; x_wconf 84' lang='lat' dir='ltr'>Veneris</span> <span class='ocrx_word' id='word_1_270' title='bbox 3148 4896 3464 4933; x_wconf 88' lang='lat'>.....</span> <span class='ocrx_word' id='word_1_271' title='bbox 3734 4839 3860 4917; x_wconf 83' lang='lat' dir='ltr'>Xl.</span> 
     </span>
    </p>
   </div>
   <div class='ocr_carea' id='block_1_7' title="bbox 3424 4961 3518 5035">
    <p class='ocr_par' dir='ltr' id='par_1_7' title="bbox 3424 4961 3518 5035">
     <span class='ocr_line' id='line_1_34' title="bbox 3424 4961 3518 5035; baseline -0.011 0"><span class='ocrx_word' id='word_1_272' title='bbox 3424 4961 3518 5035; x_wconf 81' lang='lat'>12</span> 
     </span>
    </p>
   </div>
  </div>
 </body>
</html>
