4730 6049
1857 550 1966 601 Q.-

946 690 1081 757 428
1537 720 1548 727 ·
1968 686 2266 757 ORDO
2332 690 2997 757 LEGTIONUH.

1053 898 1383 999 cupient,
1405 896 1768 995 'desiderio
1813 897 2064 973 lubens
2109 897 2504 973 satisfaciet.
2602 898 2809 974 Idem
2850 922 3015 975 cum
3055 895 3493 974 auditoribus
3534 895 3627 972 de

1049 1026 1369 1119 poemate
1431 1018 1677 1093 Italico
1692 1077 1714 1108 ,
1783 1018 1898 1093 La
1965 1021 2464 1096 Gerwalemme
2522 1022 2821 1125 liberata
2880 1022 2958 1095 di
3020 1018 3362 1119 Torquato
3412 1018 3627 1095 Tusco

1047 1138 1381 1239 inscripto
1399 1197 1420 1228 ‚
1469 1126 1782 1214 disseres.

1148 1259 1512 1359 Colloquia
1564 1259 1640 1334 in
1703 1260 1962 1360 linguis
2018 1259 2369 1335 hodiernis
2412 1257 2923 1349 moderabitur,
2973 1257 3145 1334 hors
3188 1256 3625 1335 auditoribus

1239 1378 1626 1457 commoda.
2295 1418 2305 1428 ·

956 1700 1384 1841 Disciplinae
1435 1739 1964 1816 mathematicae
2013 1745 2087 1812 et
2127 1728 2455 1837 pliysicae
2470 1794 2493 1827 ,
2543 1736 2813 1812 litterae
2860 1735 3187 1836 Belgicae
3222 1743 3295 1812 et
3340 1735 3627 1811 historia

1053 1862 1316 1963 patriae
1333 1921 1355 1952 ,
1445 1870 1710 1937 ceterae
1796 1859 2148 1937 doctrinae
2166 1917 2189 1949 ,
2274 1882 2457 1957 quae
2544 1857 2846 1933 alumnis
2917 1857 3264 1933 Athenaei
3340 1857 3623 1957 linguae

1055 1984 1349 2059 Latinae
1429 2007 1570 2059 non
1657 1981 1898 2082 peritis
1972 1980 2180 2057 utiles
2249 2004 2401 2055 esse
2469 1985 2803 2079 possunt,
2880 2002 3195 2055 sermone
3262 1978 3627 2055 tradentur

1056 2102 1442 2178 vernaculo.

959 2461 1395 2537 Bibliotheca
1440 2461 1788 2537 Athenaei
1827 2458 2208 2556 unicuique
2253 2455 2522 2559 patebit
2570 2456 2686 2531 die
2732 2457 3108 2547 Mercurii,
3155 2455 3414 2535 horis:
3608 2515 3627 2533 .
3770 2452 4017 2534 1-1v,

1346 2590 1419 2657 et
1469 2582 1796 2671 Saturni,
1845 2578 2033 2656 horis
2068 2632 3480 2657 ....................
3496 2644 3501 2649 .
3534 2636 3555 2655 .
3608 2636 3627 2653 .
3742 2576 4015 2654 xl-II.

1349 2703 1680 2779 feriarum
1730 2710 1968 2777 autem
2016 2709 2327 2799 tempore
2377 2697 2491 2773 die
2539 2697 2914 2788 Mercurii,
2962 2697 3149 2773 horis
3226 2758 3245 2776 .
3320 2756 3339 2776 .
3398 2756 3421 2775 .
3474 2754 3495 2773 .
3548 2756 3568 2773 .
3618 2748 3641 2775 .
3738 2694 3997 2771 11-1V
3996 2752 4017 2772 .

947 2824 1476 2901 Laboratorium
1539 2824 1927 2900 chemicum
1953 2860 1978 2899 ο
2048 2819 2447 2896 herbarium
2470 2877 2492 2908 ,
2562 2818 2898 2919 apotheca
2956 2817 3295 2895 mercium
3349 2824 3423 2893 et
3472 2840 3629 2893 mu-

1069 2970 1268 3020 seum
1332 2946 1701 3048 physicum
1753 2943 2004 3046 inspici
2059 2949 2354 3044 possunt
2397 2941 2709 3042 quotidie
2725 3000 2747 3032 ,
2796 2939 3101 3041 exceptis
3142 2938 3329 3016 horis
3368 2938 3631 3039 quibus

1052 3067 1398 3144 habentur
1444 3066 1794 3145 lectiones.
