4730 6049
857 651 945 717 88
1376 686 1394 701 -
1708 744 1717 751 ·
1826 646 2213 713 SERIES
2282 643 2938 714 LECTIONUM.
3037 646 3044 653 “

1058 856 1683 955 Pharmacognosin
1750 864 1821 929 et
1866 855 2250 931 naturalem
2303 854 2770 929 remediorum
2818 852 3174 929 historiam
3194 910 3216 943 ,
3279 852 3528 930 diebus

1149 974 1429 1063 Lunae,
1493 976 1825 1051 Mercurii
1892 982 1966 1049 et
2022 974 2313 1049 Veneris
2334 1030 3520 1064 .................
3560 973 3728 1049 hora
3745 972 3915 1050 XII.

1052 1094 1629 1193 Therapeuticum
1675 1095 2139 1170 remediorum
2192 1118 2405 1169 usum
2463 1092 2800 1170 indicabit
2819 1152 2840 1183 ,
2897 1093 3146 1168 diebus
3197 1093 3528 1168 Mercurii

1148 1226 1219 1288 et
1279 1213 1609 1303 Veneris,
1668 1269 3517 1291 ..........................
3781 1212 3914 1291 ΙΧ.

1052 1333 1457 1409 Doctrinam
1546 1334 1946 1410 morborum
2030 1334 2488 1434 singularium
2573 1333 2842 1423 tradet,
2923 1331 3172 1408 diebus
3243 1326 3486 1407 Lunae
3507 1393 3526 1421 ,

1148 1453 1399 1528 Martis
1464 1462 1535 1529 et
1600 1454 1825 1544 Iovis,
1886 1512 1905 1531 .
1972 1511 2790 1531 ............
2799 1466 2806 1471 “
2845 1503 2876 1529 .-
2919 1508 3524 1531 .........
3789 1451 3913 1527 ΙΧ.

1050 1574 1307 1649 Praxin
1361 1573 1705 1650 medicam
1754 1575 1845 1650 ad
1896 1574 2183 1649 lectulos
2244 1575 2750 1674 aegrotantium
2813 1571 3320 1662 moderabitur,
3382 1573 3525 1648 die-

1148 1694 1281 1768 bus
1332 1694 1665 1793 singuIiS,
1735 1752 1751 1769 .
1826 1719 1843 1769 ;
1899 1747 3524 1770 .......................
3817 1692 3914 1767 Χ.

852 1824 921 1887 F.
966 1824 1056 1886 W.
1096 1824 1454 1885 KRIEGER
1502 1812 1865 1888 Theoi-iam
1916 1813 2340 1914 Disciplinae
2401 1808 2828 1911 ch'irurgicae
2877 1821 3214 1912 exponet,
3276 1810 3526 1887 diebus

951 1932 1232 2021 Lunae,
1282 1932 1615 2007 Mercurii
1662 1942 1735 2007 et
1780 1932 2069 2007 Veneris
2087 1985 3524 2022 ....................
3709 1930 3914 2006 VIII.

1049 2052 1677 2128 Exercitationibus
1730 2051 2033 2141 clinicis,
2107 2053 2179 2125 in
2235 2050 2653 2127 Nosocomio
2705 2052 3098 2126 academico
3148 2050 3526 2139 habendis,

1152 2168 1455 2258 vacabit,
1491 2169 1741 2245 diebus
1786 2169 2065 2259 Lunae,
2113 2169 2482 2258 Mercurii,
2541 2169 2728 2243 lovis
2773 2182 2845 2243 et
2905 2170 3189 2261 Saturni
3201 2229 3513 2261 .....
3741 2172 3917 2247 XII.

1052 2290 1359 2388 Collegio
1404 2289 1699 2377 casuali,
1751 2289 2001 2364 diebus
2046 2290 2299 2364 Martis
2346 2298 2419 2363 et
2469 2288 2758 2364 Veneris
2772 2348 3516 2379 ...........
3567 2290 3916 2367 XII—II.

1055 2408 1507 2507 operationes
1542 2407 1963 2509 chirurgicus
2006 2409 2552 2499 demonstrabit,
2595 2408 2781 2485 horis
2823 2409 3075 2497 deinde
3119 2410 3529 2487 indicandis.

1047 2528 1451 2604 Doctrinam
1522 2527 1611 2603 de
1675 2528 1935 2605 morbis
2004 2530 2363 2605 oculorum
2427 2537 2771 2631 exponet,
2843 2528 3094 2605 diebus
3152 2530 3404 2606 Martis
3461 2540 3534 2605 et

1141 2647 1473 2737 Veneris,
1526 2706 1542 2723 .
1596 2706 1613 2725 .
1669 2707 1687 2725 .
1742 2707 1761 2726 .
1816 2708 1835 2726 .
1888 2706 1908 2726 .
1963 2664 1980 2725 ζ
2035 2700 3524 2727 .....................
3811 2651 3918 2725 11.

1046 2768 1473 2845 Medicinam
1528 2769 1869 2847 forensem
1892 2827 1913 2858 ,
1982 2766 2235 2849 diebus
2288 2768 2534 2847 Lunae
2593 2775 2666 2843 et
2717 2768 2904 2845 Iovis
2921 2824 3526 2857 .........
3853 2770 3918 2845 Ι.

852 2902 932 2965 11.
975 2900 1513 2963 HALBERTSMA
1530 2946 1547 2973 ,
1610 2890 1787 2965 Iust.
1850 2888 1983 2963 Fil.
2053 2888 2500 2965 Anatomiam
2573 2888 2937 2989 specialem
3009 2896 3082 2963 et
3155 2890 3528 2990 practicam

952 3010 1228 3085 docebit
1250 3069 1269 3098 ,
1320 3009 1569 3086 diebus
1616 3008 1867 3085 Martis
1915 3018 1989 3085 et
2036 3008 2221 3084 Iovis
2241 3068 2262 3100 ,
2328 3065 3524 3088 .................
3603 3007 3716 3085 IX
3731 3017 3802 3084 et
3819 3006 3919 3086 X.

1046 3130 1149 3204 Ph
1155 3129 1559 3228 ysiologiam
1579 3188 1599 3216 ,
1672 3129 2165 3228 experimentis
2228 3136 2302 3204 et
2370 3128 2970 3206 observationibus
3020 3128 3526 3229 microseopicis

1143 3248 1555 3324 illustratam
1578 3307 1599 3338 ,
1646 3247 1897 3324 diebus
1944 3249 2187 3323 Lunae
2236 3255 2309 3324 et
2355 3248 2686 3326 Mercurii
2704 3305 3524 3337 ............
3589 3247 3705 3324 IX
3721 3257 3795 3324 et
3817 3248 3920 3327 X.

1050 3368 1469 3444 Methodum
1519 3369 1796 3446 secandi
1837 3368 2205 3456 cadavera,
2264 3368 2574 3468 quotidie
2591 3426 2612 3456 ,
2680 3366 2971 3443 hiberno
3017 3376 3324 3468 tempore
3345 3427 3366 3457 ,
3429 3427 3448 3444 .
3503 3425 3522 3446 .
3561 3367 3918 3446 XI-IJL

1051 3489 1231 3562 Cum
1298 3489 1653 3588 discipulis
1718 3489 1821 3600 de⁸
1864 3489 2240 3565 Anatomia
2284 3497 2355 3565 et
2398 3487 2842 3588 Physiologia
2885 3487 3354 3587 colloquetur,
3413 3488 3528 3564 die

1144 3609 1436 3685 Veneris
1456 3661 3516 3697 .............................
3587 3607 3699 3683 IX
3721 3617 3792 3682 et
3816 3605 3918 3685 X.

1875 3846 2374 3922 FACUL'I'AS
2422 3770 2900 3923 IURIDICA·.

860 4095 941 4156 H.
985 4095 1059 4156 G.
1100 4095 1519 4168 TYDEMAN,
1564 4085 2022 4162 Emeritatum
2074 4094 2319 4162 nactus
2369 4095 2442 4161 et
2483 4111 2758 4162 cessans
2805 4112 2848 4162 a
2896 4085 3522 4173 Praelectionibus,

960 4227 1101 4278 non
1145 4213 1389 4279 'tamen
1446 4204 1743 4280 cessabit
1792 4206 1865 4280 in
1919 4205 2309 4282 studiorum
2354 4230 2640 4282 suorum
2688 4208 2923 4282 fructu
2969 4206 3290 4283 lubenter
3335 4231 3522 4282 oom-

962 4323 1401 4400 municando.

866 4457 931 4518 O.
972 4457 1025 4517 Ι.
1064 4457 1235 4516 VAN
1274 4457 1555 4527 ASSEN.
1598 4443 2177 4520 locoe‘Ciceronis
2212 4444 2500 4520 selectos
2538 4445 2628 4519 ad
2669 4445 2780 4520 ius
2818 4446 3016 4521 civile
3050 4445 3338 4545 eiusque
3378 4444 3521 4520 his-

965 4565 1209 4638 toriam
1254 4565 1673 4662 pertinentes
1722 4563 2290 4664 interpretabitur
2330 4565 2496 4640 hora
2537 4564 2972 4642 auditoribus
3019 4565 3402 4642 commoda.

866 4695 946 4756 Η.
988 4694 1201 4757 cOcK
1241 4683 1465 4759 tradet
1514 4685 1639 4758 Ius
1685 4682 2042 4784 publicum
2086 4691 2157 4758 et
2200 4683 2516 4784 gentium
2539 4744 2558 4774 ,
2583 4734 2586 4764 ι
2611 4685 2858 4762 diebus
2903 4687 3185 4775 Lunae,
3235 4684 3519 4772 Martis,
3608 4677 3620 4690 ’

970 4803 1302 4878 Mercurii
1348 4814 1419 4879 et
1468 4804 1691 4893 IoviS,
1760 4860 2506 4881 ...........
2505 4837 2512 4844 ·
2559 4860 3523 4881 ..............
3779 4803 3816 4874 Ῑ
3824 4801 3925 4878 X.
