4730 6049
1064 618 1150 684 80
2133 622 2301 689 VAN
2347 621 2729 691 BONEVAL
2773 624 2819 688 1²
2822 625 2868 688 A
2879 625 3044 691 URE

1070 828 1659 901 verumenimvero
1706 828 1826 899 ubi
1866 852 2143 901 omnem
2190 828 2327 902 illis
2375 832 2852 904 auctoritatem
2903 830 3287 928 denegant,
3337 838 3698 930 propterea
3735 833 3926 931 quod
3973 856 4112 909 non

1065 950 1141 1021 in
1218 948 1403 1022 bunc
1480 949 1691 1022 finem
1761 947 2039 1022 habitae
2108 958 2275 1023 sunt
2345 957 2426 1024 ut
2483 948 3032 1051 interpretationi
3099 949 3476 1025 inserviant
3540 951 3665 1026 sed
3733 952 3968 1051 potius
4033 961 4116 1028 ut

1066 1067 1294 1165 legem
1362 1067 1582 1165 ipsam
1649 1068 2139 1143 commendent
2193 1069 2301 1144 vel
2364 1071 2741 1160 suadeant,
2807 1094 3089 1171 prorsus
3131 1070 3666 1160 obliviscuntur,
3715 1071 4116 1149 huiusmodi

1067 1188 1279 1261 etiam
1333 1186 1965 1261 commendationes
2027 1196 2278 1263 natura
2325 1213 2452 1265 sua
2503 1191 2804 1291 plurima
2845 1190 3234 1277 continere,
3285 1189 3544 1288 quibus
3586 1215 3832 1267 sensus
3873 1217 4117 1267 eorum

1066 1331 1246 1406 quae
1302 1308 1912 1396 commendantur,
1974 1307 2381 1384 declaretur.
2483 1312 2850 1389 Quaenam
2899 1317 3134 1384 autem
3155 1366 3176 1397 ,
3227 1332 3519 1407 quaeso,
3569 1308 3958 1385 differentia
4009 1320 4116 1385 est

1059 1427 1243 1501 inter
1284 1452 1445 1502 eum
1487 1428 1613 1525 qui
1650 1428 1873 1526 legem
1916 1428 2411 1503 commendans
2452 1452 2732 1505 sensum
2781 1430 3082 1505 declarat
3125 1436 3196 1502 et
3238 1428 3410 1527 legis
3453 1430 3896 1529 interpretem
3921 1488 3941 1517 ,
3981 1430 4116 1504 nisi

1062 1545 1252 1644 quod
1318 1546 1431 1621 hic
1492 1548 1719 1645 legem
1785 1546 1993 1621 latam
2013 1604 2035 1635 ,
2106 1557 2184 1622 ut
2240 1555 2426 1623 recte
2483 1549 2906 1647 applicetur,
2971 1547 3126 1637 ille,
3188 1557 3565 1648 antequam
3625 1548 3768 1623 lata
3819 1557 3926 1623 est
3947 1608 3968 1637 ,
4035 1555 4114 1623 ut

1056 1666 1355 1755 feratur,
1404 1667 1722 1765 explicat.

1157 1787 1341 1860 Mihi
1402 1786 1683 1884 quidem
1757 1783 2330 1859 deliberationum
2399 1786 2502 1859 vis
2568 1784 2642 1859 in
2709 1785 3292 1883 interpretandam
3361 1787 3586 1886 legem
3653 1787 3833 1862 nulli
3897 1787 4112 1861 dubio

1058 1904 1439 1979 obnoxium
1484 1904 1776 1979 videtur.
1879 1904 2092 1983 Quod
2137 1914 2217 1979 ut
2262 1906 2362 1979 ita
2407 1906 2741 1994 sentiam,
2793 1905 3040 1981 suadet
3091 1905 3300 1979 etiam
3353 1906 3758 2003 primarium
3809 1907 4113 1982 cuiusvis

1059 2024 1230 2099 dicti
1283 2025 1389 2098 vel
1438 2023 1672 2123 scripti
1724 2031 1908 2098 recte
1956 2024 2392 2124 intelligendi
2449 2035 2522 2101 et
2575 2025 3076 2125 interpretandi
3127 2024 3542 2124 principium
3567 2084 3588 2114 ,
3651 2026 3842 2125 quod
3889 2028 4110 2126 coqui·

1058 2146 1303 2217 tionem
1340 2168 1686 2240 personae
1747 2145 1893 2217 eius
1952 2147 2073 2243 qui
2134 2148 2303 2220 dicit
2358 2148 2472 2221 vel
2530 2148 2770 2220 scribit
2807 2171 2996 2244 prae
3067 2149 3358 2221 caeteris
3401 2148 3704 2222 omnibus
3753 2150 4116 2246 interpreti

1056 2267 1505 2337 necessariam
1561 2288 1705 2338 esse
1764 2262 1987 2339 docet.
2084 2264 2201 2337 Ab
2269 2264 2398 2339 hac
2461 2265 2754 2340 dicentis
2814 2264 2922 2338 vel
2981 2265 3343 2341 scribentis
3385 2290 3678 2365 persona
3696 2325 3717 2355 ,
3767 2266 3955 2342 dicta
4001 2266 4112 2341 vel

1056 2382 1311 2481 scripta
1359 2408 1718 2483 perperam
1774 2391 2217 2482 separantur3
2280 2410 2512 2485 neque
2561 2410 2834 2485 semper
2882 2408 2969 2458 ex
3005 2382 3222 2459 ‘dictis
3265 2385 3374 2459 vel
3421 2386 3692 2485 scriptis
3740 2386 3908 2461 satis
3949 2410 4110 2484 cog·

1057 2504 1383 2578 noscitur.
1486 2506 1640 2579 Iam
1702 2528 1860 2577 vero
1920 2504 1993 2577 in
2054 2503 2452 2580 civitatibus
2505 2528 2805 2604 quarum
2865 2504 3086 2577 mixta
3143 2511 3251 2578 est
3299 2504 3657 2603 regiminis
3705 2504 3928 2579 forma
3972 2527 4112 2579 non

1058 2648 1241 2697 unus
1290 2632 1399 2698 est
1445 2623 1688 2713 homo,
1742 2624 1941 2697 cuius
1986 2631 2122 2699 stat
2170 2650 2295 2725 pro
2340 2625 2606 2699 ratione
2654 2624 3005 2711 voluntas,
3055 2620 3180 2696 sed
3228 2622 3462 2721 plures
3507 2623 3916 2722 legislatoris
3959 2647 4112 2723 per-

1056 2767 1297 2818 sonam
1366 2744 1465 2817 ita
1530 2744 1877 2819 sustinent
1960 2752 2043 2818 ut
2113 2744 2327 2817 unius
2393 2742 2542 2817 sine
2609 2742 2893 2817 alterius
2961 2739 3316 2815 voluntate
3377 2740 3478 2813 nil
3536 2764 3818 2839 prorsus
3867 2740 4110 2817 valeat.

1055 2864 1470 2937 Communis
1516 2864 1703 2937 enim
1758 2863 2133 2961 requiritur
2177 2862 2398 2962 Regis
2445 2870 2518 2937 et
2564 2862 2806 2961 populi
2849 2882 3226 2936 consensus
3277 2858 3368 2933 ad
3421 2858 3648 2959 legem
3687 2861 4112 2936 constituen-

1052 2983 1240 3057 dam.
1341 2982 1443 3056 Ut
1486 3006 1645 3057 vero
1684 3006 2065 3058 consensus
2109 2982 2293 3058 adsit
2338 2990 2412 3056 et
2462 2982 2706 3058 adesse
2749 2987 3058 3071 constet,
3107 2980 3198 3054 de
3249 3003 3323 3054 re
3363 2978 3452 3054 de
3498 3004 3637 3080 qua
3679 2980 3912 3082 agitur
3943 2980 4111 3056 deli-

1053 3101 1377 3175 berantes
1438 3101 1655 3200 Regis
1714 3102 2014 3176 ministri
2070 3110 2143 3175 et
2187 3127 2230 3176 a
2279 3104 2538 3204 populo
2583 3101 2923 3201 delegati,
2973 3100 3048 3174 hi
3101 3125 3242 3199 quo
3292 3124 3502 3174 sensu
3553 3101 3780 3200 legem
3825 3109 4110 3200 rogent,

1057 3220 1159 3294 illi
1198 3245 1339 3318 quo
1384 3243 1541 3294 eam
1585 3221 1929 3321 accipiant
1972 3221 2315 3298 declarare
2369 3223 2612 3298 solent.
2714 3225 2878 3302 Quo
2919 3223 3004 3296 fit
3043 3227 3126 3295 ut
3167 3219 3628 3318 legislatorem
3681 3220 3884 3318 quasi
3923 3218 4110 3320 cogi-

1058 3349 1323 3418 tantem
1375 3342 1639 3420 audias.
1740 3343 1899 3418 Iam
1942 3367 2098 3417 vero
2136 3342 2212 3416 id
2250 3343 2484 3441 ipsum
2527 3341 2924 3442 interpretis
2965 3348 3074 3414 est
3124 3346 3208 3413 ut
3243 3339 3655 3439 investiget,
3705 3339 3881 3440 quid
3923 3339 4108 3439 cogi-

1057 3461 1307 3537 taverit
1356 3461 1705 3560 legislator
1749 3485 1974 3559 quum
2013 3461 2121 3536 vel
2156 3461 2414 3537 dubiae
2461 3463 2566 3538 vel
2609 3462 2910 3538 incertae
2955 3458 3480 3558 significationis
3523 3456 3750 3534 verbis
3787 3483 3960 3534 usus
3981 3465 4108 3533 est.

1152 3580 1395 3656 Habet
1458 3587 1693 3656 tamen
1760 3581 1969 3656 huius
2031 3582 2618 3681 interpretationis
2675 3581 2888 3656 fontis
2949 3603 3122 3654 usus
3183 3603 3346 3653 suas
3399 3578 3776 3654 cautiones.
3875 3578 4110 3652 Primo

1055 3702 1205 3776 loco
1263 3700 1642 3775 videndum
1709 3701 1883 3799 quid
1944 3701 2281 3801 interpres
2328 3727 2414 3777 ex
2462 3697 3076 3778 deliberationibus
3117 3695 3254 3772 illis
3302 3721 3540 3772 eruere
3581 3697 3658 3772 in
3703 3707 3936 3774 mente
3988 3696 4111 3772 ha·

1056 3820 1263 3908 beat,
1322 3826 1560 3894 utrum
1618 3820 1951 3895 rationem
2006 3821 2179 3920 legis
2228 3829 2514 3921 quaerat
2557 3845 2648 3896 an
2699 3819 2874 3918 legis
2918 3839 3200 3892 sensum
3247 3815 3641 3915 investiget.
3739 3816 4112 3892 Rationem

1058 3937 1186 4012 ubi
1222 3939 1561 4037 exquirit,
1614 3939 2013 4039 semperob
2060 3941 2297 4018 oculos
2333 3941 2588 4016 habeto
2625 3963 2766 4014 non
2809 3935 3049 4036 magni
3085 3935 3416 4010 interesse
3457 3959 3832 4010 consensus
3873 3941 4113 4010 utrum

1062 4057 1247 4133 adsit
1302 4082 1542 4134 necne.
1644 4059 1803 4134 Sive
1865 4060 2051 4136 enim
2106 4085 2195 4136 ex
2242 4061 2396 4159 lege
2447 4060 2602 4160 ipsa
2645 4058 2788 4133 sive
2835 4081 2925 4131 ex
2979 4053 3592 4130 deliberationibus
3641 4054 3818 4130 ratio
3875 4061 4110 4156 patere

1060 4177 1380 4256 videatur
1398 4239 1419 4270 ,
1476 4181 1568 4256 ad
1624 4180 1855 4281 ipsum
1922 4182 2095 4282 legis
2158 4180 2493 4280 placitum
2547 4177 2663 4252 cui
2705 4174 3114 4275 adiungitur
3163 4197 3436 4272 semper
3479 4173 3580 4248 ita
3619 4181 3727 4248 est
3769 4173 4110 4273 exigenda

1064 4309 1147 4374 ut
1202 4298 1422 4397 logice
1438 4358 1460 4389 ,
1524 4299 1718 4399 quod
1774 4299 2019 4374 dicunt
2039 4358 2057 4389 ,
2122 4323 2285 4374 cum
2336 4297 2458 4372 illo
2499 4295 2879 4370 cohaereat.
2977 4291 3526 4368 Deliberationes
3571 4291 3790 4391 igitur
3831 4292 3944 4368 hic
3987 4317 4110 4368 an·

1064 4443 1213 4496 sam
1276 4407 1557 4494 tantum
1614 4420 1951 4519 praebent
2006 4418 2077 4492 in
2135 4417 2315 4493 hanc
2377 4417 2650 4490 illamve
2706 4414 3044 4490 rationem
3105 4411 3503 4511 inquirendi
3520 4469 3540 4499 ,
3611 4435 3700 4486 ex
3759 4411 3897 4486 illis
3952 4434 4112 4486 vero

934 4537 945 4546 ”
1064 4539 1230 4614 solis
1296 4540 1463 4614 satis
1517 4547 1705 4615 certo
1750 4539 1928 4614 ratio
1970 4562 2111 4614 non
2157 4534 2473 4612 efficitur.
2569 4536 2672 4610 At
2715 4559 2872 4610 vero
2915 4533 3004 4609 de
3050 4555 3250 4609 aenea
3287 4530 3462 4630 legis
3502 4555 3589 4605 ex
3633 4530 3720 4605 iis
3738 4587 3760 4620 ,
3809 4555 3992 4630 quae
4037 4531 4112 4605 in

1064 4656 1353 4734 concilio
1396 4657 1681 4766 legifero
1726 4657 1814 4731 de
1862 4655 2015 4755 lege
2054 4662 2209 4731 acta
2246 4658 2452 4740 sunt,
2501 4658 2688 4726 certo
2723 4650 2978 4726 certius
3011 4655 3324 4726 constare
3359 4657 3590 4750 potest
3627 4648 3728 4725 ita
3769 4659 3853 4726 ut
3889 4673 4114 4726 unum

1063 4778 1253 4855 hunc
1278 4789 1583 4855 ‘sensum
1632 4786 1703 4854 et
1751 4782 2022 4878 praeter
2069 4773 2257 4850 hunc
2303 4772 2579 4848 nullum
2627 4771 3070 4870 interpretem
3123 4769 3322 4869 sequi
3367 4775 3702 4868 oporteat.
