4730 6049
1796 1172 1803 1179 ’
1840 1150 2380 1247 NUMERUS
2458 1151 3248 1250 STUDIOSORUM

1533 1429 1647 1509 IN
1708 1428 2331 1511 ACADEMIA
2403 1428 3540 1513 LUGDUNO-BATAVA

1642 1658 1775 1721 DIE
1818 1662 2015 1722 XXXI
2056 1662 2141 1724 M.
2182 1661 2635 1725 DECEMBBIS
2675 1664 2790 1725 AN
2791 1664 2847 1725 N
2853 1664 2881 1725 1
2920 1660 3435 1726 CIOIOCCCLIX.

1540 2210 1616 2283 In
1678 2209 2039 2287 Facultate
2086 2212 2368 2287 Medica
2429 2264 3324 2291 .............
3427 2212 3549 2283 93.

1564 2356 1603 2398 ιι
1806 2357 1847 2401 ιι
2091 2332 2394 2407 Iuridica
2433 2386 3326 2408 .............
3379 2332 3546 2405 245.

1806 2480 1843 2519 ιι
2088 2450 2506 2550 Theologica
2571 2505 3323 2527 ...........
3379 2452 3545 2525 166.

1794 2598 1833 2640 ιι
2079 2571 2271 2647 Disc.
2317 2571 2548 2646 Math.
2597 2577 2670 2645 et
2716 2568 2928 2669 Phys.
3005 2626 3022 2647 .
3089 2627 3110 2647 .
3164 2627 3182 2645 .
3236 2627 3254 2645 .
3310 2625 3329 2644 .
3477 2572 3548 2643 9.

2088 2691 2269 2767 Phil.
2322 2690 2568 2769 Theor.
2619 2697 2692 2765 et
2735 2688 2906 2769 Litt.
2960 2688 3186 2766 Hum.
3237 2745 3258 2767 .
3311 2748 3328 2765 .
3433 2691 3551 2763 24.

3389 2860 3554 2935 537.

1097 3097 1461 3172 Praeterea
1524 3097 1599 3171 in
1674 3097 1941 3174 Album
2013 3099 2516 3176 Academicum
2595 3097 2880 3175 uomica
2957 3097 3439 3174 Studiosorum
3459 3155 3481 3187 ,
3547 3097 3622 3172 in
3679 3094 4074 3172 Athenaeis

1006 3216 1255 3292 studiis
1310 3241 1588 3317 operam
1652 3219 2055 3296 navantium
2076 3280 2097 3310 ,
2168 3219 2384 3296 relata
2457 3227 2664 3309 sunt,
2734 3244 2819 3295 co
2883 3218 3168 3296 consilio
3189 3277 3211 3309 ,
3274 3225 3354 3294 ut
3418 3217 3532 3292 hic
3579 3215 4076 3293 examinentur

1004 3345 1074 3411 ct
1122 3335 1455 3413 Doctores
1504 3346 1859 3430 creentur,
1910 3365 2249 3440 quorum:

1538 3580 1618 3655 In
1664 3579 2024 3656 Facultate
2074 3578 2353 3656 Medica
2426 3635 3325 3657 .............
3425 3580 3546 3652 49.

2082 3698 2390 3774 Iuridica
2421 3752 3315 3776 .............
3416 3699 3536 3772 43.

1804 3848 1843 3890 ιι
2088 3817 2504 3917 Theologica
2577 3873 3325 3897 ...........
3427 3817 3546 3892 32.

1810 3967 1849 4009 ιι
2078 3938 2273 4013 Disc.
2317 3937 2543 4014 Math.
2593 3945 2666 4013 ct
2713 3937 2927 4036 Phys.
2993 3994 3014 4014 .
3087 3994 3107 4014 .
3160 3994 3179 4013 .
3234 3993 3253 4013 .
3306 3995 3322 4012 .
3467 3939 3537 4011 4.

2088 4057 2269 4134 Phil.
2320 4057 2565 4135 Thcor.
2617 4065 2690 4134 ct
2735 4057 2906 4134 Litt.
2960 4056 3180 4134 Hum.
3235 4115 3251 4133 .
3308 4113 3326 4132 .
3475 4057 3545 4131 6.

3383 4229 3547 4304 134.
