4730 6049
1110 614 1248 694 33⁴0
1975 626 1987 637 ·
2245 623 2318 687 B.
2390 619 2440 686 1.
2510 618 3041 725 GRAjrAuA

1101 832 1178 907 in
1244 830 1532 905 Austris
1550 887 1571 918 ,
1641 828 1974 905 Borussia
1992 887 2015 921 ,
2085 827 2381 903 Bavaria
2434 852 2574 903 non
2626 829 2892 905 minore
2940 826 3331 904 animorum
3378 826 3819 903 contentione
3868 824 4165 926 agitatur

1106 952 1423 1053 quaestio
1445 1010 1464 1040 ,
1539 974 1752 1049 quam
1823 950 1898 1024 in
1963 950 2212 1025 ceteris
2284 948 2687 1049 regionibus
2705 1008 2726 1039 ,
2794 974 2975 1049 quae
3043 948 3429 1025 etiamnum
3478 946 3715 1048 legum
3762 946 4161 1046 scriptarum

1108 1076 1348 1149 carent
1397 1071 1753 1146 beneficio,

1209 1192 1486 1267 Scilicet
1549 1190 1711 1265 ICti
1772 1214 2033 1265 munus
2101 1198 2174 1265 et
2239 1189 2542 1264 officium
2610 1188 2841 1264 schola
2905 1189 3233 1265 historica
3280 1214 3367 1263 ex
3417 1187 3571 1289 ipsa
3619 1187 3789 1262 iuris
3812 1246 3833 1277 ,
3884 1187 4165 1285 eiusque

1095 1314 1392 1414 'originis
1461 1320 1534 1387 et
1595 1311 1897 1387 fontium
1962 1319 2212 1385 natura
2281 1311 2547 1386 efficere
2616 1310 2853 1385 voluit.
2955 1311 3051 1383 Et
3112 1310 3243 1385 hoc
3292 1308 3579 1407 quidem
3624 1307 3923 1407 egregie.
4022 1308 4165 1382 Nec

1104 1460 1282 1536 quae
1356 1433 1631 1521 docuit,
1708 1430 1962 1505 deinde
2037 1431 2290 1505 reiecta
2363 1438 2531 1504 sunt
2598 1438 2723 1504 aut
2788 1430 3124 1529 neglecta.
3230 1430 3371 1503 Sed
3418 1428 3685 1503 ultimis
3741 1427 3931 1501 hisce
3974 1426 4165 1502 anuis

1105 1556 1388 1629 demum
1411 1612 1432 1643 ,
1499 1578 1662 1629 cum
1720 1553 1862 1627 iam
1933 1551 2230 1650 intelligi
2292 1558 2364 1625 et
2426 1551 2723 1650 perspici
2769 1560 3093 1650 coeptum
3149 1558 3335 1640 erat,
3384 1557 3621 1625 nostra
3670 1555 3897 1623 aetate
3953 1547 4165 1621 multo

1103 1674 1548 1751 excultiorem
1623 1696 1774 1745 esse
1839 1671 2050 1745 vitam
2122 1671 2389 1745 civilem
2413 1728 2433 1757 ,
2510 1694 2721 1768 quam
2794 1694 3106 1768 unquam
3164 1668 3377 1743 fuerit
3439 1668 3707 1742 Romae
3729 1724 3750 1755 ,
3808 1673 4167 1741 senserunt

1105 1794 1420 1893 egregias
1487 1792 1641 1867 illas
1721 1790 1993 1865 scholae
2059 1789 2424 1863 historicae
2492 1787 3026 1889 perquisitiones
3093 1788 3407 1863 nondum
3470 1811 3716 1862 omnes
3736 1843 3757 1876 ,
3825 1786 3953 1886 qui
4006 1784 4165 1861 inde

1103 1914 1362 2012 sperari
1409 1920 1766 2013 poterant,
1817 1908 2168 2009 peperisse
2217 1909 2509 1985 fructus.

1200 2034 1470 2107 Norma
1541 2032 1873 2106 nimirum
1938 2038 2010 2103 et
2080 2029 2248 2133 ordo
2313 2030 2617 2130 agendi,
2690 2056 2830 2129 quo
2892 2055 3101 2105 omne
3164 2030 3561 2105 continetur
3608 2028 3721 2103 ius
3740 2084 3761 2115 ,
3820 2024 4164 2125 quomodo

1105 2154 1572 2229 constituatur
1589 2210 1610 2241 ,
1675 2152 1816 2225 iam
1877 2150 2200 2225 vidimus.
2305 2150 2643 2225 Ordinem
2694 2151 2892 2225 illum
2940 2175 3079 2226 non
3129 2152 3549 2225 constituere
3567 2206 3588 2237 ,
3640 2149 3763 2223 sed
3808 2147 3949 2221 iam
4004 2168 4156 2221 eon·

1101 2274 1430 2347 stitutum
1475 2272 1548 2347 in
1605 2282 1824 2347 artem
1871 2279 1943 2345 et
1993 2270 2435 2370 disciplinam
2482 2272 2829 2371 redigere,
2880 2273 3217 2348 ICtorum
3266 2296 3527 2348 munus
3566 2280 3677 2345 est
3721 2278 3793 2344 et
3838 2268 4157 2343 officium.

1097 2392 1263 2468 Non
1309 2392 1507 2468 aliter
1558 2416 1770 2491 quam
1815 2391 1888 2465 in
1943 2391 2154 2465 rebus
2208 2392 2553 2492 physicis,
2602 2392 2907 2491 primum
2954 2392 3141 2493 leges
3182 2400 3255 2469 et
3301 2392 3581 2492 regulae
3600 2450 3620 2480 ,
3676 2414 3859 2491 quae
3899 2389 3974 2464 in
4020 2390 4162 2463 iure

1098 2512 1423 2587 obtinent
1439 2570 1460 2601 ,
1510 2509 2012 2585 considerando
2053 2520 2126 2586 et
2165 2510 2628 2610 comparando
2650 2569 2669 2600 ‚
2714 2511 3113 2587 efficiendae
3152 2520 3225 2585 et
3266 2510 3721 2585 inveniendae
3760 2518 3949 2583 sunt.
4010 2509 4162 2583 Hoc

1097 2641 1400 2709 tantum*
1418 2656 1530 2707 res
1571 2631 1807 2706 civiles
1849 2632 2034 2706 inter
2077 2641 2150 2707 et
2194 2632 2517 2732 physicas
2556 2632 2923 2706 intercedit
2968 2630 3428 2721 discriminis,
3478 2630 3671 2730 quod
3708 2630 3783 2703 in
3828 2630 4159 2729 his‘legoe

1095 2753 1271 2829 istae
1318 2776 1592 2851 semper
1639 2760 1712 2826 et
1757 2753 2144 2827 necessario
2189 2752 2681 2840 observentur,
2734 2761 2807 2825 et
2847 2755 3137 2828 tantum*
3160 2778 3249 2827 an
3285 2760 3472 2827 recte
3516 2775 3603 2825 ex
3642 2774 3879 2825 rerum
3917 2756 4159 2823 natum

1097 2900 1140 2951 a
1203 2874 1409 2948 nobis
1463 2875 1604 2947 sint
1669 2872 2010 2947 deductae
2033 2927 2055 2962 ,
2123 2873 2364 2973 quaeri
2418 2872 2661 2972 possit.
2762 2873 2849 2946 In
2904 2872 3085 2948 vitae
3134 2871 3355 2947 civilis
3400 2871 3703 2971 negotiis
3748 2877 3991 2945 contra
4026 2890 4158 2943 non

1098 3018 1374 3094 semper
1441 3020 1570 3070 nec
1631 2993 2014 3069 necessario
2078 2994 2265 3093 leges
2327 2992 2503 3068 istae
2545 3000 2874 3068 tenentur
2894 3051 2915 3084 ,
2984 2992 3111 3068 sed
3156 3017 3199 3069 a
3240 2993 3457 3068 libero
3506 2990 3791 3068 arbitrio
3836 2987 4160 3090 prwditis

1098 3115 1504 3190 horninibus
1573 3114 2034 3214 perficiendae
2053 3171 2075 3204 ‚
2145 3114 2375 3214 pravis
2439 3115 2752 3212 ipsorum
2816 3112 3368 3214 cupiditatibus,
3436 3111 3828 3213 ignorantia
3886 3129 4157 3209 quoque

1100 3261 1304 3344 saepe
1377 3235 1837 3335 negliguntur
1909 3244 1982 3308 et
2046 3234 2592 3334 perfringuntur.
2694 3235 2889 3310 Artis
2956 3243 3027 3310 et
3094 3234 3450 3309 doctrinae
3510 3234 3583 3308 in
3650 3231 3907 3308 nostris
3950 3231 4157 3330 igitur

1095 3381 1307 3456 quam
1375 3355 1450 3430 in
1528 3355 1836 3454 physicis
1908 3355 2120 3430 rebus
2183 3355 2533 3429 difficilius
2585 3380 2847 3430 munus
2892 3363 2964 3429 et
3016 3354 3339 3430 officium.
3443 3353 3891 3453 Seiungenda
3940 3360 4015 3425 et
4056 3375 4152 3424 se-

1093 3478 1404 3577 paranda
1481 3501 1662 3577 quae
1724 3476 1980 3551 iniuria
2001 3534 2021 3563 ,
2095 3477 2461 3551 retinenda
2481 3534 2501 3566 ,
2574 3477 3005 3551 observanda
3024 3535 3045 3566 ,
3114 3474 3577 3574 comparanda
3647 3483 3927 3548 tantum
3984 3493 4155 3570 quae

1094 3598 1246 3674 iure
1307 3599 1512 3673 fiunt.
1615 3598 1691 3670 si
1751 3598 1839 3672 de
1907 3595 2018 3670 his
2081 3595 2260 3670 bene
2313 3596 2737 3684 constiterit,
2788 3621 2873 3671 ex
2922 3597 3012 3671 iis
3058 3595 3345 3670 demum
3396 3583 3567 3668 iuris
3610 3593 4009 3668 efficiendae
4052 3613 4151 3664 rc-

1097 3717 1324 3817 gulae.
1423 3717 1520 3790 Et
1581 3716 1710 3791 hac
1781 3716 1856 3790 in
1907 3741 1983 3790 re
2034 3726 2310 3791 nostrae
2367 3725 2440 3790 et
2497 3716 2938 3815 physicarum
2994 3714 3517 3815 disciplinarum
3570 3713 3819 3788 eadem
3867 3712 4045 3787 ratio
4086 3717 4153 3786 et

1099 3835 1495 3910 methodus,
1597 3835 1758 3909 Hoc
1807 3842 1914 3910 est
1959 3836 2150 3934 quod
2200 3836 2340 3910 iam
2395 3857 2675 3912 nunus
2718 3835 2991 3910 monuit
3032 3836 3287 3909 ICtus:
3347 3833 3703 3933 aregulsm
3747 3853 3941 3922 esse,
3984 3853 4153 3930 quae

1107 3977 1298 4028 errem
1371 3979 1550 4052 quae
1612 3963 1718 4029 est
1781 3954 2080 4028 breviter
2145 3963 2437 4030 enarrat.
2538 3953 2703 4027 Non
2770 3962 2851 4026 ut
2914 3977 3001 4028 ex
3054 3953 3295 4052 regula
3338 3953 3455 4028 ius
3500 3961 3855 4041 sumatur,
3904 3952 4031 4026 sed
4072 3973 4153 4025 ex

1109 4074 1302 4148 niure
1351 4074 1540 4173 quod
1589 4085 1735 4160 est,
1783 4075 2026 4173 regula
2074 4069 2269 4147 fiat.”

1201 4195 1314 4268 De
1361 4193 1542 4268 vitae
1601 4187 1835 4268 autem
1885 4189 2106 4268 civilis
2153 4191 2324 4268 actis
2381 4201 2453 4266 et
2502 4192 2701 4268 factis
2721 4251 2744 4281 ,
2792 4201 3240 4288 φαινόμενα
3284 4191 3570 4279 dicunt,
3616 4200 3805 4266 recte
3851 4195 4154 4277 constat,

1097 4315 1198 4389 ita
1247 4320 1330 4388 ut
1371 4337 1460 4386 ex
1504 4312 1594 4387 iis
1638 4313 1814 4387 iuris
1855 4313 2108 4387 deduci
2164 4311 2435 4410 possint
2476 4312 2797 4411 regulae,
2848 4313 2907 4386 si
2956 4313 3581 4388 consuetudinibus
3604 4369 3625 4400 ,
3678 4335 3823 4386 usu
3862 4310 4152 4396 forensi,

1100 4434 1380 4534 legibus
1445 4433 1910 4508 continentur,
2009 4432 2322 4531 Legibus
2386 4434 2557 4532 quid
2626 4433 2831 4507 certis
2894 4433 2968 4506 in
3038 4433 3267 4509 causis
3338 4433 3593 4508 futuris
3660 4431 4017 4518 obtineat,
4082 4430 4153 4504 in

1100 4561 1535 4629 antecessum
1558 4612 1578 4642 ,
1647 4579 1784 4628 usu
1851 4577 2011 4631 vero
2062 4553 2316 4628 forensi
2361 4579 2541 4628 cum
2586 4553 2725 4628 iam
2772 4577 3021 4628 causae
3066 4553 3227 4628 illae
3274 4559 3683 4640 evenoeunt,
3748 4551 4153 4626 declaratur.

1099 4675 1212 4748 Ex
1269 4673 1379 4746 his
1441 4674 1808 4764 omnibus,
1874 4697 1964 4750 ne
2030 4694 2262 4747 rerum
2330 4674 2773 4772 physicarum
2842 4675 2949 4749 vel
3016 4675 3199 4749 vitae
3264 4673 3483 4748 civilis
3550 4673 3905 4746 immensa
3956 4671 4153 4745 ubsr-

1101 4800 1247 4868 tate
1309 4798 1386 4867 et
1431 4793 1780 4870 -varietate
1849 4793 2361 4871 confundamur
2422 4801 2494 4870 et
2562 4794 3087 4894 perturbemur,
3161 4793 3446 4894 regulae⁴
3512 4791 4015 4867 considerando
4083 4796 4152 4863 et
