4730 6049
706 650 759 657 ..
1965 586 2524 657 ORATIO.
3025 591 3034 598 ’
3657 588 3749 656 ’23

696 800 769 876 in
832 797 1187 898 superiore
1248 803 1447 898 parto
1515 795 1813 874 aedificii
1870 797 2131 872 Museo
2194 799 2610 874 Anatomico
2667 799 2880 874 dicati
2943 823 3083 874 non
3153 798 3360 873 modo
3421 797 3753 872 librorum

694 945 915 1020 capax
954 943 1099 996 non
1150 925 1301 995 erat
1344 917 1469 994 sed
1508 923 1615 994 tot
1660 918 2132 994 voluminibus
2176 918 2582 1018 constipatis
2617 920 3004 1020 periculum
3043 928 3189 994 erat
3225 943 3316 992 ne
3357 918 3750 994 aedificium

692 1047 1067 1118 corrueret.

793 1161 1153 1240 Omnibus
1196 1158 1306 1236 his
1346 1159 1805 1236 incommodis
1842 1161 2241 1236 consultum
2280 1167 2388 1236 est
2421 1185 2460 1235 e
2499 1160 2774 1236 decreto
2813 1161 3233 1236 Curatorum
3279 1183 3456 1236 novo
3509 1157 3749 1234 acade-
3879 1263 3886 1268 ὁ

690 1281 878 1358 mico
922 1280 1241 1356 aedificio
1280 1285 1633 1356 exstructo
1651 1337 1673 1367 ,
1720 1279 1909 1378 quod
1954 1303 2139 1354 anno
2178 1278 2548 1355 millesimo
2577 1279 3150 1379 octingentesimo
3177 1277 3756 1379 quinquagesimo

696 1401 1001 1501 septimo
1060 1401 1465 1476 inchoatum
1538 1423 1721 1476 anno
1779 1398 2127 1500 superiore
2189 1405 2486 1474 exeunte
2536 1425 2712 1499 pene
2768 1401 3169 1476 absolutum
3223 1424 3484 1474 munus
3545 1421 3754 1473 suum

688 1530 1053 1623 praestare
1116 1520 1365 1620 coepit.
1464 1519 1721 1596 Festus
1778 1519 1917 1596 fuit
1980 1519 2129 1594 dies
2178 1529 2452 1627 nostrae
2499 1520 2918 1596 Academiae
2936 1579 2957 1610 ,
3027 1530 3108 1596 ut
3177 1547 3334 1597 vere
3396 1521 3573 1595 dixit
3643 1519 3750 1594 Ol.

686 1662 847 1715 van
908 1663 1063 1715 nna
1124 1661 1316 1714 Boon
1376 1661 1625 1712 nnson
1646 1697 1669 1728 ‚
1729 1661 1871 1738 quo
1936 1646 2045 1712 est
2107 1639 2627 1738 inauguratum.
2729 1640 2890 1715 Tibi
2949 1665 3264 1740 quoque,
3335 1641 3444 1716 cl.
3491 1663 3754 1728 anun,

690 1761 1141 1862 gratulamur
1204 1765 1279 1842 et
1336 1766 1665 1858 optamus
1714 1765 1795 1832 ut
1837 1783 1998 1858 pars
2042 1757 2175 1832 tibi
2219 1759 2564 1834 destinata
2611 1783 2774 1834 mox
2815 1761 3212 1860 perficiatur
3259 1761 3572 1859 votisque
3615 1759 3758 1834 tuis

690 1882 1137 1981 respondeat.
1252 1879 1467 1959 Quod
1512 1887 1747 1956 autem
1798 1878 1966 1967 tibi,
2038 1878 2145 1953 cl.
2197 1901 2729 1968 nannum-sua,
2801 1880 3235 1979 assignatum
3301 1891 3448 1958 erat
3517 1881 3753 1956 aedifi-

690 2001 884 2078 cium
903 2060 926 2091 ,
990 1999 1249 2075 melius
1314 1998 1393 2072 id
1454 1999 1742 2098 quidem
1788 1999 2031 2074 multis
2083 1999 2236 2076 aliis
2294 1999 2368 2074 in
2437 1999 2568 2075 hae
2629 2001 3010 2076 Academia
3081 2010 3263 2091 erat,
3334 2002 3458 2076 sed
3517 2009 3756 2076 tamen

694 2123 1097 2223 gaudemus
1172 2129 1245 2196 te
1303 2143 1469 2194 mox
1543 2119 1962 2218 adepturum
2048 2145 2197 2196 esse
2268 2145 2528 2195 novum
2589 2120 2980 2196 aedificium
3055 2122 3245 2221 quod
3317 2147 3405 2196 ne
3476 2120 3759 2220 optimis

698 2242 986 2341 quidem
1035 2243 1111 2316 in
1165 2240 1418 2316 exteris
1466 2239 1871 2340 regionibus
1918 2241 2139 2316 cedat.
2268 2293 2273 2298 ·

796 2365 1055 2462 Neque
1132 2362 1399 2438 minore
1464 2360 1725 2460 gaudio
1794 2385 2177 2436 memorare
2241 2359 2403 2434 licet
2460 2384 2602 2434 non
2653 2362 2954 2435 multum
3011 2385 3370 2460 superesse
3424 2361 3758 2460 Speculae

712 2481 1233 2560 Astronomicae
1251 2539 1272 2569 ‚
1325 2505 1535 2580 quam
1574 2480 1719 2556 tuis
1761 2481 2085 2581 auspiciis
2102 2539 2123 2569 ‚
2149 2481 2557 2556 CLKA1snn
2578 2538 2598 2569 ,
2626 2480 3026 2580 disciplinae
3045 2540 3066 2569 ,
3101 2481 3175 2554 in
3201 2489 3448 2579 quatu
3477 2505 3761 2581 regnas,

706 2627 997 2702 magnae
1043 2601 1191 2676 fore
1242 2599 1529 2676 utilitati
1584 2625 1963 2700 speramus.

801 2722 1101 2821 Reliqua
1143 2720 1540 2798 academica
1586 2721 1899 2797 aedificia
1948 2729 2130 2796 sarta
2178 2728 2359 2796 tecta
2407 2725 2594 2794 sunt.

804 2846 1091 2933 Muses,
1164 2841 1299 2918 alia
1366 2841 1520 2917 aliis
1590 2841 1851 2942 largius
1869 2901 1891 2933 ,
1956 2867 2136 2917 nova
2192 2840 2541 2940 accipiunt
2596 2839 2818 2926 dona,
2884 2863 3280 2940 magnoque
3341 2841 3569 2916 decori
3587 2899 3608 2929 ‚
3675 2848 3759 2915 ut

658 3060 661 3065 Ι
718 2988 971 3066 semper
1020 2963 1345 3053 fuerunt,
1396 2969 1563 3041 sunt
1608 2972 1883 3039 nostrae
1930 2962 2380 3039 Academiae

806 3086 1045 3162 Unum
1094 3086 1307 3163 modo
1356 3092 1712 3185 superest,
1759 3083 2263 3161 Academicum
2306 3082 2812 3159 Nosocomium
2862 3078 3054 3171 dico,
3103 3081 3192 3156 de
3241 3106 3382 3181 quo
3423 3106 3566 3157 non
3612 3082 3760 3159 sine

718 3205 934 3283 dolore
1002 3206 1233 3283 dicere
1293 3230 1603 3305 possum.
1706 3203 2051 3281 Undecim
2105 3205 2249 3280 sere
2298 3210 2466 3279 sunt
2508 3203 2674 3279 anni
2719 3228 2806 3277 ex
2851 3228 2992 3301 quo
3033 3202 3338 3303 primum
3385 3206 3562 3279 ratio
3611 3230 3758 3279 om-

714 3326 899 3403 nium
942 3350 1179 3401 earum
1236 3350 1503 3415 rerum,
1546 3352 1730 3425 quae
1772 3326 1863 3401 ad
1906 3324 2249 3425 practicae
2270 3322 2653 3399 medicinae
2697 3321 3209 3397 institutionem
3253 3324 3632 3423 pertinent,
3683 3325 3759 3398 in

714 3448 1183 3547 quaestionem
1253 3448 1463 3525 venit.
1564 3448 1897 3525 Ostendit
1970 3472 2051 3521 ea
2118 3446 2437 3546 quaestio
2483 3466 2858 3519 numerum
2907 3467 3271 3543 aegrorum
3291 3502 3311 3532 ,
3363 3443 3622 3543 quibus
3667 3444 3760 3519 ad

714 3566 1047 3643 medicam
1086 3564 1601 3643 institutionem
1652 3567 1759 3642 uti
1792 3591 2165 3666 possumus
2183 3625 2204 3655 ‚
2244 3588 2684 3664 nequaquam
2727 3564 2896 3639 satis
2937 3589 3087 3639 esse
3126 3588 3498 3664 magnum3
3534 3590 3758 3665 quum

717 3694 941 3761 autem
1003 3678 1145 3759 fion
1208 3687 1514 3761 multum
1572 3695 1735 3763 ante
1796 3688 1883 3763 V.
1946 3688 2053 3762 Cl.
2114 3710 2265 3761 vAN
2315 3709 2466 3761 nna
2515 3708 2708 3759 Boon
2757 3708 3002 3761 Mnscn
3062 3693 3134 3760 et
3193 3685 3281 3764 V.
3342 3687 3546 3762 Doct.
3609 3710 3760 3762 van

714 3828 1153 3881 nsrnovmt
1202 3806 1359 3883 luce
1405 3807 1657 3883 clarius
1688 3807 2345 3885 demonstravissent
2383 3805 2800 3883 Nosocomio
2831 3830 3108 3906 quoque
3139 3806 3426 3883 Urbano
3459 3808 3761 3907 plurima

714 3925 949 4003 abesse
968 3986 991 4016 ,
1056 3935 1600 4005 consentaneum
1658 3928 1804 4003 erat
1856 3928 2134 4027 utrique
2180 3928 2279 4002 rei
2324 3927 2572 4003 eodem
2621 3935 2932 4025 tempore
2987 3928 3362 4003 consulare.
3467 3928 3759 4028 Saepius

720 4045 961 4121 deinde
1016 4071 1127 4121 res
1171 4052 1277 4121 est
1313 4046 1575 4145 agitata
1593 4106 1613 4137 ,
1681 4071 1863 4123 anno
1909 4047 2273 4121 millesimo
2314 4045 2890 4145 octingentesimo
2936 4047 3518 4148 quinquagesimo
3557 4048 3761 4143 tertio

720 4166 991 4243 meliora
1054 4166 1263 4242 nobis
1330 4192 1601 4266 sperare
1669 4192 1869 4267 posse
1938 4167 2345 4242 videbamur
2364 4226 2385 4256 ‚
2455 4176 2528 4241 et
2588 4174 2825 4241 tamen
2893 4191 3115 4267 usque
3171 4169 3263 4243 ad
3331 4169 3518 4243 hunc
3571 4168 3760 4243 diem

720 4286 941 4361 omnia
990 4286 1241 4361 eadem
1280 4278 1707 4363 manserunt.
1770 4274 2263 4363 Nosocomium
2281 4346 2302 4376 ‚
2336 4286 2529 4386 quod
2557 4313 2599 4361 a
2627 4288 2882 4361 Sancta
2905 4288 3204 4365 Caecilia
3229 4312 3482 4364 nomen
3516 4286 3758 4375 habet,

720 4428 801 4481 ne
828 4406 1198 4481 minimam
1240 4406 1529 4505 quidem
1570 4407 1848 4483 laudem
1890 4407 2030 4482 sibi
2068 4406 2416 4482 vindicare
2455 4415 2684 4506 potest
2713 4412 2786 4482 et
2817 4428 3152 4481 numerus
3183 4431 3548 4506 aegrorum
3572 4462 3592 4493 ,
3635 4406 3762 4503 qui

722 4525 803 4599 ad
827 4526 1175 4602 medicam
1201 4526 1712 4603 institutionem
1742 4528 2194 4617 adhibentur,
2220 4552 2311 4602 ne
2336 4552 2478 4601 uno
2509 4527 2794 4627 quidem
2815 4534 3062 4603 auctus
3091 4534 3216 4599 est.
3288 4529 3492 4604 Quae
3521 4534 3761 4600 autem

712 4642 917 4721 huius
966 4646 1073 4721 rei
1124 4670 1336 4723 causa
1378 4649 1539 4723 est?
1622 4649 1863 4723 Metus
1910 4658 2017 4723 est
2057 4649 2243 4725 enim
2289 4672 2378 4723 ne
2425 4648 2716 4723 maiores
2757 4647 2899 4722 sint
2939 4648 3328 4747 impensae,
3383 4670 3558 4744 quas
3594 4666 3754 4722 corr-

712 4755 945 4843 iunc'ta
988 4788 1160 4841 cura
1208 4790 1596 4867 pauperum
1614 4776 2007 4867 ‘aegrorum
2062 4776 2132 4843 et
2188 4767 2496 4843 medicae
2539 4766 2998 4915 institutionis
3053 4763 3454 4865 postulabit.
3533 4766 3759 4843 Quasi
