<?xml version="1.0" encoding="UTF-8"?>
<!DOCTYPE html PUBLIC "-//W3C//DTD XHTML 1.0 Transitional//EN"
    "http://www.w3.org/TR/xhtml1/DTD/xhtml1-transitional.dtd">
<html xmlns="http://www.w3.org/1999/xhtml" xml:lang="en" lang="en">
 <head>
  <title>
</title>
<meta http-equiv="Content-Type" content="text/html;charset=utf-8" />
  <meta name='ocr-system' content='tesseract 3.04.00' />
  <meta name='ocr-capabilities' content='ocr_page ocr_carea ocr_par ocr_line ocrx_word'/>
</head>
<body>
  <div class='ocr_page' id='page_1' title='image "annalesacademic01confgoog_0154.png"; bbox 0 0 4730 6049; ppageno 0'>
   <div class='ocr_carea' id='block_1_1' title="bbox 1092 644 2960 749">
    <p class='ocr_par' dir='ltr' id='par_1_1' title="bbox 1092 644 2960 749">
     <span class='ocr_line' id='line_1_1' title="bbox 1092 644 2960 749; baseline -0.001 -36"><span class='ocrx_word' id='word_1_1' title='bbox 1092 648 1239 749; x_wconf 58' lang='lat'>1424⁸</span> <span class='ocrx_word' id='word_1_2' title='bbox 1940 664 1949 673; x_wconf 95' lang='lat'><strong>·</strong></span> <span class='ocrx_word' id='word_1_3' title='bbox 2133 731 2147 743; x_wconf 67' lang='lat'>,</span> <span class='ocrx_word' id='word_1_4' title='bbox 2254 646 2326 714; x_wconf 86' lang='lat' dir='ltr'>B.</span> <span class='ocrx_word' id='word_1_5' title='bbox 2397 645 2601 712; x_wconf 80' lang='lat' dir='ltr'>TER</span> <span class='ocrx_word' id='word_1_6' title='bbox 2669 644 2960 712; x_wconf 65' lang='lat' dir='ltr'>nasu</span> 
     </span>
    </p>
   </div>
   <div class='ocr_carea' id='block_1_2' title="bbox 1058 846 4160 4936">
    <p class='ocr_par' dir='ltr' id='par_1_2' title="bbox 1058 846 4160 4415">
     <span class='ocr_line' id='line_1_2' title="bbox 1088 846 4154 939; baseline -0.002 -20"><span class='ocrx_word' id='word_1_7' title='bbox 1088 860 1267 919; x_wconf 70' lang='lat' dir='ltr'>altera</span> <span class='ocrx_word' id='word_1_8' title='bbox 1306 863 1459 939; x_wconf 75' lang='lat' dir='ltr'>parte</span> <span class='ocrx_word' id='word_1_9' title='bbox 1500 880 1531 916; x_wconf 78' lang='lat' dir='ltr'>a</span> <span class='ocrx_word' id='word_1_10' title='bbox 1575 859 1662 917; x_wconf 88' lang='lat' dir='ltr'>Cl.</span> <span class='ocrx_word' id='word_1_11' title='bbox 1702 870 2013 916; x_wconf 70' lang='lat' dir='ltr'>orzoomzn</span> <span class='ocrx_word' id='word_1_12' title='bbox 2052 859 2111 915; x_wconf 90' lang='lat' dir='ltr'>et</span> <span class='ocrx_word' id='word_1_13' title='bbox 2152 854 2317 914; x_wconf 90' lang='lat' dir='ltr'>Doct.</span> <span class='ocrx_word' id='word_1_14' title='bbox 2362 870 2644 925; x_wconf 59' lang='lat' dir='ltr'>mensos,</span> <span class='ocrx_word' id='word_1_15' title='bbox 2687 853 2758 913; x_wconf 89' lang='lat' dir='ltr'>ab</span> <span class='ocrx_word' id='word_1_16' title='bbox 2797 854 2970 915; x_wconf 74' lang='lat' dir='ltr'>alters</span> <span class='ocrx_word' id='word_1_17' title='bbox 3001 856 3160 933; x_wconf 85' lang='lat' dir='ltr'>parte</span> <span class='ocrx_word' id='word_1_18' title='bbox 3196 871 3231 911; x_wconf 82' lang='lat' dir='ltr'>a</span> <span class='ocrx_word' id='word_1_19' title='bbox 3273 846 3362 911; x_wconf 84' lang='lat' dir='ltr'>cl.</span> <span class='ocrx_word' id='word_1_20' title='bbox 3387 868 3616 911; x_wconf 62' lang='lat' dir='ltr'>nonnus</span> <span class='ocrx_word' id='word_1_21' title='bbox 3655 850 3890 932; x_wconf 82' lang='lat' dir='ltr'>aliisque</span> <span class='ocrx_word' id='word_1_22' title='bbox 3929 851 4048 913; x_wconf 85' lang='lat' dir='ltr'>hoc</span> <span class='ocrx_word' id='word_1_23' title='bbox 4085 850 4154 913; x_wconf 84' lang='lat' dir='ltr'>de</span> 
     </span>
     <span class='ocr_line' id='line_1_3' title="bbox 1090 952 4156 1039; baseline -0.002 -18"><span class='ocrx_word' id='word_1_24' title='bbox 1090 968 1419 1039; x_wconf 83' lang='lat' dir='ltr'>argumento</span> <span class='ocrx_word' id='word_1_25' title='bbox 1460 966 1729 1021; x_wconf 86' lang='lat' dir='ltr'>certatum</span> <span class='ocrx_word' id='word_1_26' title='bbox 1766 958 1840 1017; x_wconf 87' lang='lat' dir='ltr'>sit</span> <span class='ocrx_word' id='word_1_27' title='bbox 1851 981 1870 1035; x_wconf 87' lang='lat'>;</span> <span class='ocrx_word' id='word_1_28' title='bbox 1930 955 2227 1018; x_wconf 73' lang='lat' dir='ltr'>admodum</span> <span class='ocrx_word' id='word_1_29' title='bbox 2271 976 2466 1017; x_wconf 79' lang='lat' dir='ltr'>vereor</span> <span class='ocrx_word' id='word_1_30' title='bbox 2480 1001 2497 1030; x_wconf 88' lang='lat'>,</span> <span class='ocrx_word' id='word_1_31' title='bbox 2549 962 2612 1017; x_wconf 89' lang='lat' dir='ltr'>ut</span> <span class='ocrx_word' id='word_1_32' title='bbox 2649 956 3006 1034; x_wconf 81' lang='lat' dir='ltr'>gravissima,</span> <span class='ocrx_word' id='word_1_33' title='bbox 3064 974 3207 1035; x_wconf 86' lang='lat' dir='ltr'>quae</span> <span class='ocrx_word' id='word_1_34' title='bbox 3263 952 3468 1014; x_wconf 85' lang='lat' dir='ltr'>nostris</span> <span class='ocrx_word' id='word_1_35' title='bbox 3523 952 3718 1015; x_wconf 87' lang='lat' dir='ltr'>diebus</span> <span class='ocrx_word' id='word_1_36' title='bbox 3763 954 4046 1033; x_wconf 80' lang='lat' dir='ltr'>agitatur,</span> <span class='ocrx_word' id='word_1_37' title='bbox 4087 954 4156 1014; x_wconf 81' lang='lat' dir='ltr'>lis</span> 
     </span>
     <span class='ocr_line' id='line_1_4' title="bbox 1092 1056 4159 1143; baseline -0.002 -21"><span class='ocrx_word' id='word_1_38' title='bbox 1092 1065 1200 1124; x_wconf 87' lang='lat' dir='ltr'>hac</span> <span class='ocrx_word' id='word_1_39' title='bbox 1248 1065 1339 1123; x_wconf 80' lang='lat' dir='ltr'>via</span> <span class='ocrx_word' id='word_1_40' title='bbox 1390 1066 1551 1143; x_wconf 88' lang='lat' dir='ltr'>plane</span> <span class='ocrx_word' id='word_1_41' title='bbox 1602 1061 1790 1121; x_wconf 87' lang='lat' dir='ltr'>dirimi</span> <span class='ocrx_word' id='word_1_42' title='bbox 1840 1059 2035 1141; x_wconf 83' lang='lat' dir='ltr'>possit.</span> <span class='ocrx_word' id='word_1_43' title='bbox 2113 1060 2330 1121; x_wconf 82' lang='lat' dir='ltr'>Cuncta</span> <span class='ocrx_word' id='word_1_44' title='bbox 2368 1059 2466 1121; x_wconf 79' lang='lat' dir='ltr'>hic</span> <span class='ocrx_word' id='word_1_45' title='bbox 2503 1060 2748 1142; x_wconf 88' lang='lat' dir='ltr'>pendent</span> <span class='ocrx_word' id='word_1_46' title='bbox 2787 1080 2824 1120; x_wconf 90' lang='lat' dir='ltr'>a</span> <span class='ocrx_word' id='word_1_47' title='bbox 2862 1078 2992 1120; x_wconf 80' lang='lat' dir='ltr'>vera</span> <span class='ocrx_word' id='word_1_48' title='bbox 3031 1058 3262 1117; x_wconf 78' lang='lat' dir='ltr'>notione</span> <span class='ocrx_word' id='word_1_49' title='bbox 3302 1076 3370 1117; x_wconf 85' lang='lat' dir='ltr'>ac</span> <span class='ocrx_word' id='word_1_50' title='bbox 3407 1056 3761 1129; x_wconf 84' lang='lat' dir='ltr'>definitione,</span> <span class='ocrx_word' id='word_1_51' title='bbox 3803 1076 3952 1136; x_wconf 84' lang='lat' dir='ltr'>quae</span> <span class='ocrx_word' id='word_1_52' title='bbox 3996 1057 4159 1117; x_wconf 82' lang='lat' dir='ltr'>mira·</span> 
     </span>
     <span class='ocr_line' id='line_1_5' title="bbox 1092 1158 4158 1243; baseline -0.002 -19"><span class='ocrx_word' id='word_1_53' title='bbox 1092 1167 1217 1226; x_wconf 89' lang='lat' dir='ltr'>culo</span> <span class='ocrx_word' id='word_1_54' title='bbox 1256 1167 1331 1226; x_wconf 85' lang='lat' dir='ltr'>sit</span> <span class='ocrx_word' id='word_1_55' title='bbox 1368 1164 1680 1228; x_wconf 83' lang='lat' dir='ltr'>tribuenda.</span> <span class='ocrx_word' id='word_1_56' title='bbox 1761 1165 2111 1243; x_wconf 77' lang='lat' dir='ltr'>Quicumque</span> <span class='ocrx_word' id='word_1_57' title='bbox 2146 1162 2413 1224; x_wconf 86' lang='lat' dir='ltr'>miracula</span> <span class='ocrx_word' id='word_1_58' title='bbox 2453 1162 2712 1223; x_wconf 89' lang='lat' dir='ltr'>reiiciunt</span> <span class='ocrx_word' id='word_1_59' title='bbox 2725 1207 2740 1235; x_wconf 94' lang='lat'>,</span> <span class='ocrx_word' id='word_1_60' title='bbox 2803 1160 3040 1243; x_wconf 75' lang='lat' dir='ltr'>quodvis</span> <span class='ocrx_word' id='word_1_61' title='bbox 3077 1160 3402 1220; x_wconf 76' lang='lat' dir='ltr'><strong>miraculum</strong></span> <span class='ocrx_word' id='word_1_62' title='bbox 3441 1160 3656 1239; x_wconf 81' lang='lat' dir='ltr'>legibus</span> <span class='ocrx_word' id='word_1_63' title='bbox 3695 1164 3928 1221; x_wconf 74' lang='lat' dir='ltr'>naturae</span> <span class='ocrx_word' id='word_1_64' title='bbox 3963 1158 4158 1220; x_wconf 67' lang='lat' dir='ltr'>adra·-</span> 
     </span>
     <span class='ocr_line' id='line_1_6' title="bbox 1088 1261 4158 1347; baseline -0.002 -19"><span class='ocrx_word' id='word_1_65' title='bbox 1088 1267 1199 1328; x_wconf 79' lang='lat' dir='ltr'>sari</span> <span class='ocrx_word' id='word_1_66' title='bbox 1238 1288 1529 1347; x_wconf 79' lang='lat' dir='ltr'>rerumque</span> <span class='ocrx_word' id='word_1_67' title='bbox 1568 1266 1751 1326; x_wconf 89' lang='lat' dir='ltr'>ordini</span> <span class='ocrx_word' id='word_1_68' title='bbox 1790 1285 2097 1346; x_wconf 80' lang='lat' dir='ltr'>repugnare</span> <span class='ocrx_word' id='word_1_69' title='bbox 2129 1266 2408 1327; x_wconf 86' lang='lat' dir='ltr'>mordicus</span> <span class='ocrx_word' id='word_1_70' title='bbox 2441 1272 2636 1327; x_wconf 88' lang='lat' dir='ltr'>tenent</span> <span class='ocrx_word' id='word_1_71' title='bbox 2671 1286 2738 1327; x_wconf 80' lang='lat' dir='ltr'>ac</span> <span class='ocrx_word' id='word_1_72' title='bbox 2771 1264 3049 1325; x_wconf 87' lang='lat' dir='ltr'>mordicus</span> <span class='ocrx_word' id='word_1_73' title='bbox 3081 1268 3272 1324; x_wconf 88' lang='lat' dir='ltr'>tenere</span> <span class='ocrx_word' id='word_1_74' title='bbox 3303 1268 3556 1343; x_wconf 83' lang='lat' dir='ltr'>pergent.</span> <span class='ocrx_word' id='word_1_75' title='bbox 3635 1261 3753 1325; x_wconf 81' lang='lat' dir='ltr'>Qui</span> <span class='ocrx_word' id='word_1_76' title='bbox 3793 1261 3865 1321; x_wconf 71' lang='lat' dir='ltr'>ab</span> <span class='ocrx_word' id='word_1_77' title='bbox 3893 1262 4158 1343; x_wconf 79' lang='lat' dir='ltr'>opposita</span> 
     </span>
     <span class='ocr_line' id='line_1_7' title="bbox 1086 1366 4155 1451; baseline -0.002 -20"><span class='ocrx_word' id='word_1_78' title='bbox 1086 1374 1238 1431; x_wconf 85' lang='lat' dir='ltr'>stant</span> <span class='ocrx_word' id='word_1_79' title='bbox 1276 1376 1455 1451; x_wconf 85' lang='lat' dir='ltr'>parte,</span> <span class='ocrx_word' id='word_1_80' title='bbox 1514 1368 1793 1430; x_wconf 89' lang='lat' dir='ltr'>mitiorem</span> <span class='ocrx_word' id='word_1_81' title='bbox 1844 1366 2223 1429; x_wconf 85' lang='lat' dir='ltr'>definitionem</span> <span class='ocrx_word' id='word_1_82' title='bbox 2239 1413 2256 1441; x_wconf 92' lang='lat'>,</span> <span class='ocrx_word' id='word_1_83' title='bbox 2315 1370 2537 1447; x_wconf 84' lang='lat' dir='ltr'>qualem</span> <span class='ocrx_word' id='word_1_84' title='bbox 2590 1368 2706 1429; x_wconf 88' lang='lat' dir='ltr'>iam</span> <span class='ocrx_word' id='word_1_85' title='bbox 2753 1382 3128 1429; x_wconf 65' lang='lat' dir='ltr'>Aucusrmus</span> <span class='ocrx_word' id='word_1_86' title='bbox 3169 1370 3226 1426; x_wconf 87' lang='lat' dir='ltr'>et</span> <span class='ocrx_word' id='word_1_87' title='bbox 3267 1380 3510 1425; x_wconf 67' lang='lat' dir='ltr'>molus</span> <span class='ocrx_word' id='word_1_88' title='bbox 3552 1380 3819 1429; x_wconf 63' lang='lat' dir='ltr'>soumis</span> <span class='ocrx_word' id='word_1_89' title='bbox 3867 1380 4155 1425; x_wconf 83' lang='lat' dir='ltr'>commen·</span> 
     </span>
     <span class='ocr_line' id='line_1_8' title="bbox 1086 1466 4158 1551; baseline -0.003 -16"><span class='ocrx_word' id='word_1_90' title='bbox 1086 1474 1255 1547; x_wconf 88' lang='lat' dir='ltr'>dant,</span> <span class='ocrx_word' id='word_1_91' title='bbox 1296 1472 1445 1534; x_wconf 78' lang='lat' dir='ltr'>haud</span> <span class='ocrx_word' id='word_1_92' title='bbox 1486 1472 1607 1532; x_wconf 83' lang='lat' dir='ltr'>sine</span> <span class='ocrx_word' id='word_1_93' title='bbox 1642 1470 1967 1550; x_wconf 81' lang='lat' dir='ltr'>gravissima</span> <span class='ocrx_word' id='word_1_94' title='bbox 2004 1490 2193 1531; x_wconf 78' lang='lat' dir='ltr'><strong>caussa</strong></span> <span class='ocrx_word' id='word_1_95' title='bbox 2232 1471 2550 1551; x_wconf 83' lang='lat' dir='ltr'>praeferunt</span> <span class='ocrx_word' id='word_1_96' title='bbox 2587 1474 2646 1530; x_wconf 91' lang='lat' dir='ltr'>et</span> <span class='ocrx_word' id='word_1_97' title='bbox 2683 1468 3008 1530; x_wconf 82' lang='lat' dir='ltr'>defendunt.</span> <span class='ocrx_word' id='word_1_98' title='bbox 3089 1466 3259 1529; x_wconf 75' lang='lat' dir='ltr'>Quod</span> <span class='ocrx_word' id='word_1_99' title='bbox 3319 1466 3390 1527; x_wconf 91' lang='lat' dir='ltr'>ad</span> <span class='ocrx_word' id='word_1_100' title='bbox 3450 1486 3542 1527; x_wconf 87' lang='lat' dir='ltr'>me</span> <span class='ocrx_word' id='word_1_101' title='bbox 3587 1466 3790 1527; x_wconf 72' lang='lat' dir='ltr'>attinet</span> <span class='ocrx_word' id='word_1_102' title='bbox 3807 1512 3822 1539; x_wconf 90' lang='lat'>‚</span> <span class='ocrx_word' id='word_1_103' title='bbox 3868 1486 3988 1526; x_wconf 86' lang='lat' dir='ltr'>non</span> <span class='ocrx_word' id='word_1_104' title='bbox 4033 1486 4158 1547; x_wconf 83' lang='lat' dir='ltr'>pos-</span> 
     </span>
     <span class='ocr_line' id='line_1_9' title="bbox 1082 1568 4156 1649; baseline -0.003 -12"><span class='ocrx_word' id='word_1_105' title='bbox 1082 1597 1208 1637; x_wconf 86' lang='lat' dir='ltr'>sum</span> <span class='ocrx_word' id='word_1_106' title='bbox 1246 1596 1361 1638; x_wconf 89' lang='lat' dir='ltr'>non</span> <span class='ocrx_word' id='word_1_107' title='bbox 1402 1595 1681 1637; x_wconf 79' lang='lat' dir='ltr'>assensum</span> <span class='ocrx_word' id='word_1_108' title='bbox 1722 1592 1907 1635; x_wconf 89' lang='lat' dir='ltr'>meum</span> <span class='ocrx_word' id='word_1_109' title='bbox 1957 1570 2089 1633; x_wconf 82' lang='lat' dir='ltr'>dare</span> <span class='ocrx_word' id='word_1_110' title='bbox 2138 1590 2432 1645; x_wconf 70' lang='lat' dir='ltr'>Knausxo,</span> <span class='ocrx_word' id='word_1_111' title='bbox 2491 1577 2686 1634; x_wconf 82' lang='lat' dir='ltr'>contra</span> <span class='ocrx_word' id='word_1_112' title='bbox 2735 1588 3014 1632; x_wconf 68' lang='lat' dir='ltr'>naucum</span> <span class='ocrx_word' id='word_1_113' title='bbox 3053 1569 3358 1649; x_wconf 74' lang='lat' dir='ltr'><strong>disputanti</strong></span> <span class='ocrx_word' id='word_1_114' title='bbox 3399 1576 3458 1630; x_wconf 86' lang='lat' dir='ltr'>et</span> <span class='ocrx_word' id='word_1_115' title='bbox 3495 1568 3892 1630; x_wconf 73' lang='lat' dir='ltr'><strong>contendenti:</strong></span> <span class='ocrx_word' id='word_1_116' title='bbox 3985 1594 4020 1623; x_wconf 75' lang='lat' dir='ltr'>e</span> <span class='ocrx_word' id='word_1_117' title='bbox 4039 1568 4156 1629; x_wconf 86' lang='lat' dir='ltr'>Hct</span> 
     </span>
     <span class='ocr_line' id='line_1_10' title="bbox 1083 1670 4156 1761; baseline -0.002 -22"><span class='ocrx_word' id='word_1_118' title='bbox 1083 1677 1283 1761; x_wconf 84' lang='lat' dir='ltr'>begrip</span> <span class='ocrx_word' id='word_1_119' title='bbox 1322 1699 1427 1741; x_wconf 78' lang='lat' dir='ltr'>vnn</span> <span class='ocrx_word' id='word_1_120' title='bbox 1471 1676 1929 1755; x_wconf 83' lang='lat' dir='ltr'>regelmatigheid</span> <span class='ocrx_word' id='word_1_121' title='bbox 1966 1677 2017 1736; x_wconf 90' lang='lat' dir='ltr'>is</span> <span class='ocrx_word' id='word_1_122' title='bbox 2054 1696 2157 1737; x_wconf 88' lang='lat' dir='ltr'>ons</span> <span class='ocrx_word' id='word_1_123' title='bbox 2198 1676 2259 1735; x_wconf 88' lang='lat' dir='ltr'>in</span> <span class='ocrx_word' id='word_1_124' title='bbox 2298 1676 2400 1737; x_wconf 85' lang='lat' dir='ltr'>het</span> <span class='ocrx_word' id='word_1_125' title='bbox 2442 1675 2640 1753; x_wconf 83' lang='lat' dir='ltr'>gehecl</span> <span class='ocrx_word' id='word_1_126' title='bbox 2695 1674 2814 1735; x_wconf 89' lang='lat' dir='ltr'>niet</span> <span class='ocrx_word' id='word_1_127' title='bbox 2869 1694 2976 1735; x_wconf 82' lang='lat' dir='ltr'>van</span> <span class='ocrx_word' id='word_1_128' title='bbox 3030 1672 3236 1750; x_wconf 84' lang='lat' dir='ltr'>gelijke</span> <span class='ocrx_word' id='word_1_129' title='bbox 3285 1671 3608 1732; x_wconf 84' lang='lat' dir='ltr'>beteekenis</span> <span class='ocrx_word' id='word_1_130' title='bbox 3663 1678 3781 1731; x_wconf 89' lang='lat' dir='ltr'>met</span> <span class='ocrx_word' id='word_1_131' title='bbox 3831 1670 3932 1733; x_wconf 79' lang='lat' dir='ltr'>dat</span> <span class='ocrx_word' id='word_1_132' title='bbox 3987 1690 4156 1732; x_wconf 83' lang='lat' dir='ltr'>cenet</span> 
     </span>
     <span class='ocr_line' id='line_1_11' title="bbox 1083 1772 4156 1855; baseline -0.002 -16"><span class='ocrx_word' id='word_1_133' title='bbox 1083 1779 1584 1841; x_wconf 83' lang='lat' dir='ltr'>deterministische</span> <span class='ocrx_word' id='word_1_134' title='bbox 1617 1775 2380 1855; x_wconf 73' lang='lat' dir='ltr'>natum-noodzakelijkheid.</span> <span class='ocrx_word' id='word_1_135' title='bbox 2464 1776 2552 1837; x_wconf 87' lang='lat' dir='ltr'>De</span> <span class='ocrx_word' id='word_1_136' title='bbox 2587 1775 2790 1837; x_wconf 87' lang='lat' dir='ltr'>kannis</span> <span class='ocrx_word' id='word_1_137' title='bbox 2831 1794 2936 1837; x_wconf 76' lang='lat' dir='ltr'>van</span> <span class='ocrx_word' id='word_1_138' title='bbox 2981 1794 3118 1835; x_wconf 87' lang='lat' dir='ltr'>eene</span> <span class='ocrx_word' id='word_1_139' title='bbox 3155 1776 3443 1851; x_wconf 81' lang='lat' dir='ltr'>algemeen</span> <span class='ocrx_word' id='word_1_140' title='bbox 3490 1772 3865 1835; x_wconf 82' lang='lat' dir='ltr'>heerschende</span> <span class='ocrx_word' id='word_1_141' title='bbox 3880 1818 3896 1846; x_wconf 99' lang='lat'>,</span> <span class='ocrx_word' id='word_1_142' title='bbox 3951 1774 4156 1851; x_wconf 76' lang='lat' dir='ltr'>Physi-</span> 
     </span>
     <span class='ocr_line' id='line_1_12' title="bbox 1082 1876 4157 1959; baseline -0.001 -18"><span class='ocrx_word' id='word_1_143' title='bbox 1082 1883 1215 1943; x_wconf 85' lang='lat' dir='ltr'>sche</span> <span class='ocrx_word' id='word_1_144' title='bbox 1256 1880 1713 1959; x_wconf 81' lang='lat' dir='ltr'>regelmatigheid</span> <span class='ocrx_word' id='word_1_145' title='bbox 1754 1880 1871 1953; x_wconf 84' lang='lat' dir='ltr'>zal,</span> <span class='ocrx_word' id='word_1_146' title='bbox 1913 1880 2025 1940; x_wconf 85' lang='lat' dir='ltr'>ook</span> <span class='ocrx_word' id='word_1_147' title='bbox 2066 1898 2201 1939; x_wconf 82' lang='lat' dir='ltr'>naar</span> <span class='ocrx_word' id='word_1_148' title='bbox 2238 1890 2378 1940; x_wconf 71' lang='lat' dir='ltr'>onze</span> <span class='ocrx_word' id='word_1_149' title='bbox 2419 1879 2715 1956; x_wconf 82' lang='lat' dir='ltr'>meening,</span> <span class='ocrx_word' id='word_1_150' title='bbox 2757 1878 2942 1939; x_wconf 85' lang='lat' dir='ltr'>stecds</span> <span class='ocrx_word' id='word_1_151' title='bbox 2977 1897 3132 1939; x_wconf 87' lang='lat' dir='ltr'>meer</span> <span class='ocrx_word' id='word_1_152' title='bbox 3171 1878 3271 1939; x_wconf 80' lang='lat' dir='ltr'>het</span> <span class='ocrx_word' id='word_1_153' title='bbox 3313 1877 3510 1958; x_wconf 69' lang='lat' dir='ltr'>begs-ip</span> <span class='ocrx_word' id='word_1_154' title='bbox 3549 1896 3658 1939; x_wconf 76' lang='lat' dir='ltr'>van</span> <span class='ocrx_word' id='word_1_155' title='bbox 3695 1878 3794 1939; x_wconf 88' lang='lat' dir='ltr'>het</span> <span class='ocrx_word' id='word_1_156' title='bbox 3831 1876 4062 1938; x_wconf 81' lang='lat' dir='ltr'>wonder</span> <span class='ocrx_word' id='word_1_157' title='bbox 4091 1878 4157 1937; x_wconf 82' lang='lat' dir='ltr'>in</span> 
     </span>
     <span class='ocr_line' id='line_1_13' title="bbox 1082 1980 4156 2059; baseline -0.001 -16"><span class='ocrx_word' id='word_1_158' title='bbox 1082 1984 1189 2045; x_wconf 91' lang='lat' dir='ltr'>den</span> <span class='ocrx_word' id='word_1_159' title='bbox 1233 1984 1519 2046; x_wconf 88' lang='lat' dir='ltr'>absoluten</span> <span class='ocrx_word' id='word_1_160' title='bbox 1560 1984 1651 2043; x_wconf 83' lang='lat' dir='ltr'>zin</span> <span class='ocrx_word' id='word_1_161' title='bbox 1690 1981 1791 2043; x_wconf 86' lang='lat' dir='ltr'>des</span> <span class='ocrx_word' id='word_1_162' title='bbox 1829 1982 2073 2054; x_wconf 63' lang='lat' dir='ltr'>vecorde,</span> <span class='ocrx_word' id='word_1_163' title='bbox 2116 2002 2173 2041; x_wconf 91' lang='lat' dir='ltr'>n.</span> <span class='ocrx_word' id='word_1_164' title='bbox 2214 1984 2253 2041; x_wconf 88' lang='lat'>1.</span> <span class='ocrx_word' id='word_1_165' title='bbox 2293 1985 2376 2043; x_wconf 81' lang='lat' dir='ltr'>als</span> <span class='ocrx_word' id='word_1_166' title='bbox 2417 2002 2554 2043; x_wconf 87' lang='lat' dir='ltr'>eene</span> <span class='ocrx_word' id='word_1_167' title='bbox 2601 1980 2908 2059; x_wconf 83' lang='lat' dir='ltr'>handeling</span> <span class='ocrx_word' id='word_1_168' title='bbox 2946 2000 3053 2041; x_wconf 82' lang='lat' dir='ltr'>van</span> <span class='ocrx_word' id='word_1_169' title='bbox 3097 1980 3259 2052; x_wconf 86' lang='lat' dir='ltr'>God,</span> <span class='ocrx_word' id='word_1_170' title='bbox 3306 1981 3480 2041; x_wconf 81' lang='lat' dir='ltr'>welke</span> <span class='ocrx_word' id='word_1_171' title='bbox 3517 1980 3588 2041; x_wconf 88' lang='lat' dir='ltr'>de</span> <span class='ocrx_word' id='word_1_172' title='bbox 3629 1980 3767 2041; x_wconf 89' lang='lat' dir='ltr'>orde</span> <span class='ocrx_word' id='word_1_173' title='bbox 3805 1980 3906 2041; x_wconf 85' lang='lat' dir='ltr'>der</span> <span class='ocrx_word' id='word_1_174' title='bbox 3949 1984 4156 2041; x_wconf 80' lang='lat' dir='ltr'>natum·</span> 
     </span>
     <span class='ocr_line' id='line_1_14' title="bbox 1080 2082 4155 2167; baseline -0.002 -20"><span class='ocrx_word' id='word_1_175' title='bbox 1080 2091 1440 2167; x_wconf 78' lang='lat' dir='ltr'>omverwerpt</span> <span class='ocrx_word' id='word_1_176' title='bbox 1458 2131 1473 2159; x_wconf 90' lang='lat'>,</span> <span class='ocrx_word' id='word_1_177' title='bbox 1518 2085 1768 2166; x_wconf 82' lang='lat' dir='ltr'>opheffen</span> <span class='ocrx_word' id='word_1_178' title='bbox 1786 2130 1803 2158; x_wconf 93' lang='lat'>,</span> <span class='ocrx_word' id='word_1_179' title='bbox 1849 2105 1921 2145; x_wconf 89' lang='lat' dir='ltr'>en</span> <span class='ocrx_word' id='word_1_180' title='bbox 1965 2103 2101 2145; x_wconf 85' lang='lat' dir='ltr'>voor</span> <span class='ocrx_word' id='word_1_181' title='bbox 2138 2087 2245 2145; x_wconf 85' lang='lat' dir='ltr'>alle</span> <span class='ocrx_word' id='word_1_182' title='bbox 2296 2084 2728 2163; x_wconf 83' lang='lat' dir='ltr'>verschijnselen</span> <span class='ocrx_word' id='word_1_183' title='bbox 2771 2084 2992 2162; x_wconf 79' lang='lat' dir='ltr'>wettige</span> <span class='ocrx_word' id='word_1_184' title='bbox 3031 2084 3424 2161; x_wconf 78' lang='lat' dir='ltr'>verklaringen</span> <span class='ocrx_word' id='word_1_185' title='bbox 3465 2082 3731 2145; x_wconf 81' lang='lat' dir='ltr'>vorderen</span> <span class='ocrx_word' id='word_1_186' title='bbox 3747 2106 3765 2143; x_wconf 70' lang='grc' dir='ltr'><strong><em>ε</em></strong></span> <span class='ocrx_word' id='word_1_187' title='bbox 3807 2083 4026 2143; x_wconf 78' lang='lat' dir='ltr'>hcewcl</span> <span class='ocrx_word' id='word_1_188' title='bbox 4065 2082 4155 2161; x_wconf 73' lang='lat' dir='ltr'>wij</span> 
     </span>
     <span class='ocr_line' id='line_1_15' title="bbox 1078 2184 4156 2268; baseline -0.001 -19"><span class='ocrx_word' id='word_1_189' title='bbox 1078 2189 1237 2250; x_wconf 85' lang='lat' dir='ltr'>rceds</span> <span class='ocrx_word' id='word_1_190' title='bbox 1292 2190 1416 2251; x_wconf 85' lang='lat' dir='ltr'>hier</span> <span class='ocrx_word' id='word_1_191' title='bbox 1466 2190 1587 2249; x_wconf 87' lang='lat' dir='ltr'>niet</span> <span class='ocrx_word' id='word_1_192' title='bbox 1643 2188 1865 2248; x_wconf 85' lang='lat' dir='ltr'>kunnen</span> <span class='ocrx_word' id='word_1_193' title='bbox 1924 2190 2148 2249; x_wconf 87' lang='lat' dir='ltr'>nalaten</span> <span class='ocrx_word' id='word_1_194' title='bbox 2202 2208 2277 2268; x_wconf 83' lang='lat' dir='ltr'>op</span> <span class='ocrx_word' id='word_1_195' title='bbox 2326 2194 2386 2249; x_wconf 91' lang='lat' dir='ltr'>te</span> <span class='ocrx_word' id='word_1_196' title='bbox 2425 2188 2652 2249; x_wconf 88' lang='lat' dir='ltr'>merken</span> <span class='ocrx_word' id='word_1_197' title='bbox 2671 2231 2686 2260; x_wconf 96' lang='lat'>,</span> <span class='ocrx_word' id='word_1_198' title='bbox 2729 2188 2826 2247; x_wconf 90' lang='lat' dir='ltr'>dat</span> <span class='ocrx_word' id='word_1_199' title='bbox 2865 2187 2965 2247; x_wconf 85' lang='lat' dir='ltr'>het</span> <span class='ocrx_word' id='word_1_200' title='bbox 3003 2186 3408 2263; x_wconf 81' lang='lat' dir='ltr'>betrekkelijke</span> <span class='ocrx_word' id='word_1_201' title='bbox 3442 2184 3696 2257; x_wconf 79' lang='lat' dir='ltr'>wonder,</span> <span class='ocrx_word' id='word_1_202' title='bbox 3737 2186 3800 2245; x_wconf 89' lang='lat' dir='ltr'>in</span> <span class='ocrx_word' id='word_1_203' title='bbox 3841 2204 3947 2245; x_wconf 76' lang='lat' dir='ltr'>nco</span> <span class='ocrx_word' id='word_1_204' title='bbox 3995 2201 4156 2246; x_wconf 80' lang='lat' dir='ltr'>verre</span> 
     </span>
     <span class='ocr_line' id='line_1_16' title="bbox 1078 2288 4156 2369; baseline -0.001 -18"><span class='ocrx_word' id='word_1_205' title='bbox 1078 2292 1178 2353; x_wconf 87' lang='lat' dir='ltr'>het</span> <span class='ocrx_word' id='word_1_206' title='bbox 1233 2292 1550 2353; x_wconf 84' lang='lat' dir='ltr'>Historisch</span> <span class='ocrx_word' id='word_1_207' title='bbox 1602 2291 1993 2368; x_wconf 80' lang='lat' dir='ltr'>gewacrborgd</span> <span class='ocrx_word' id='word_1_208' title='bbox 2046 2291 2098 2350; x_wconf 88' lang='lat' dir='ltr'>is</span> <span class='ocrx_word' id='word_1_209' title='bbox 2114 2334 2129 2363; x_wconf 96' lang='lat'>,</span> <span class='ocrx_word' id='word_1_210' title='bbox 2184 2291 2319 2351; x_wconf 88' lang='lat' dir='ltr'>toch</span> <span class='ocrx_word' id='word_1_211' title='bbox 2377 2310 2480 2351; x_wconf 82' lang='lat' dir='ltr'>zoo</span> <span class='ocrx_word' id='word_1_212' title='bbox 2531 2293 2666 2369; x_wconf 82' lang='lat' dir='ltr'>lang</span> <span class='ocrx_word' id='word_1_213' title='bbox 2707 2310 2812 2352; x_wconf 87' lang='lat' dir='ltr'>een</span> <span class='ocrx_word' id='word_1_214' title='bbox 2861 2294 2990 2367; x_wconf 79' lang='lat' dir='ltr'>rcgt</span> <span class='ocrx_word' id='word_1_215' title='bbox 3035 2290 3196 2350; x_wconf 82' lang='lat' dir='ltr'>heeft</span> <span class='ocrx_word' id='word_1_216' title='bbox 3247 2308 3356 2349; x_wconf 79' lang='lat' dir='ltr'>van</span> <span class='ocrx_word' id='word_1_217' title='bbox 3406 2294 3464 2349; x_wconf 91' lang='lat' dir='ltr'>te</span> <span class='ocrx_word' id='word_1_218' title='bbox 3503 2288 3718 2366; x_wconf 78' lang='lat' dir='ltr'>blijven</span> <span class='ocrx_word' id='word_1_219' title='bbox 3758 2288 3996 2349; x_wconf 83' lang='lat' dir='ltr'>bestaan</span> <span class='ocrx_word' id='word_1_220' title='bbox 4015 2334 4032 2361; x_wconf 90' lang='lat'>,</span> <span class='ocrx_word' id='word_1_221' title='bbox 4075 2290 4156 2349; x_wconf 80' lang='lat' dir='ltr'>als</span> 
     </span>
     <span class='ocr_line' id='line_1_17' title="bbox 1076 2390 4158 2474; baseline 0 -21"><span class='ocrx_word' id='word_1_222' title='bbox 1076 2414 1217 2455; x_wconf 85' lang='lat' dir='ltr'>onze</span> <span class='ocrx_word' id='word_1_223' title='bbox 1254 2393 1799 2474; x_wconf 77' lang='lat' dir='ltr'>natuurwetenschap</span> <span class='ocrx_word' id='word_1_224' title='bbox 1836 2395 1923 2454; x_wconf 70' lang='grc' dir='ltr'>ια]</span> <span class='ocrx_word' id='word_1_225' title='bbox 1962 2396 2185 2453; x_wconf 88' lang='lat' dir='ltr'>moeten</span> <span class='ocrx_word' id='word_1_226' title='bbox 2226 2393 2523 2454; x_wconf 87' lang='lat' dir='ltr'>bekennen</span> <span class='ocrx_word' id='word_1_227' title='bbox 2566 2412 2671 2454; x_wconf 83' lang='lat' dir='ltr'>van</span> <span class='ocrx_word' id='word_1_228' title='bbox 2711 2394 2812 2455; x_wconf 86' lang='lat' dir='ltr'>het</span> <span class='ocrx_word' id='word_1_229' title='bbox 2851 2411 3028 2453; x_wconf 72' lang='lat' dir='ltr'>wesen</span> <span class='ocrx_word' id='word_1_230' title='bbox 3047 2437 3063 2465; x_wconf 93' lang='lat'>,</span> <span class='ocrx_word' id='word_1_231' title='bbox 3119 2392 3192 2453; x_wconf 86' lang='lat' dir='ltr'>de</span> <span class='ocrx_word' id='word_1_232' title='bbox 3247 2391 3628 2473; x_wconf 81' lang='lat' dir='ltr'>heerschsppij</span> <span class='ocrx_word' id='word_1_233' title='bbox 3681 2411 3756 2453; x_wconf 89' lang='lat' dir='ltr'>cn</span> <span class='ocrx_word' id='word_1_234' title='bbox 3793 2390 3866 2453; x_wconf 90' lang='lat' dir='ltr'>de</span> <span class='ocrx_word' id='word_1_235' title='bbox 3906 2410 4158 2470; x_wconf 71' lang='lat' dir='ltr'>grmacn</span> 
     </span>
     <span class='ocr_line' id='line_1_18' title="bbox 1078 2494 4160 2573; baseline 0 -19"><span class='ocrx_word' id='word_1_236' title='bbox 1078 2496 1179 2556; x_wconf 87' lang='lat' dir='ltr'>der</span> <span class='ocrx_word' id='word_1_237' title='bbox 1218 2496 1690 2557; x_wconf 83' lang='lat' dir='ltr'>natuurkrachten</span> <span class='ocrx_word' id='word_1_238' title='bbox 1730 2514 1847 2573; x_wconf 81' lang='lat' dir='ltr'>nog</span> <span class='ocrx_word' id='word_1_239' title='bbox 1886 2514 1991 2555; x_wconf 82' lang='lat' dir='ltr'>zoo</span> <span class='ocrx_word' id='word_1_240' title='bbox 2035 2496 2230 2573; x_wconf 79' lang='lat' dir='ltr'>weim&#39;g</span> <span class='ocrx_word' id='word_1_241' title='bbox 2268 2503 2327 2557; x_wconf 90' lang='lat' dir='ltr'>te</span> <span class='ocrx_word' id='word_1_242' title='bbox 2367 2496 2590 2557; x_wconf 81' lang='lat' dir='ltr'>hebben</span> <span class='ocrx_word' id='word_1_243' title='bbox 2631 2499 2818 2557; x_wconf 87' lang='lat' dir='ltr'>lecren</span> <span class='ocrx_word' id='word_1_244' title='bbox 2859 2497 3078 2556; x_wconf 79' lang='lat' dir='ltr'>konnen</span> <span class='ocrx_word' id='word_1_245' title='bbox 3099 2538 3114 2566; x_wconf 91' lang='lat'><strong>‚</strong></span> <span class='ocrx_word' id='word_1_246' title='bbox 3169 2498 3252 2556; x_wconf 87' lang='lat' dir='ltr'>als</span> <span class='ocrx_word' id='word_1_247' title='bbox 3299 2494 3385 2556; x_wconf 89' lang='lat' dir='ltr'>dit</span> <span class='ocrx_word' id='word_1_248' title='bbox 3426 2501 3512 2557; x_wconf 86' lang='lat' dir='ltr'>tot</span> <span class='ocrx_word' id='word_1_249' title='bbox 3547 2494 3810 2557; x_wconf 81' lang='lat' dir='ltr'>dnsverre</span> <span class='ocrx_word' id='word_1_250' title='bbox 3847 2496 3954 2555; x_wconf 87' lang='lat' dir='ltr'>het</span> <span class='ocrx_word' id='word_1_251' title='bbox 3993 2496 4160 2573; x_wconf 74' lang='lat' dir='ltr'>geval</span> 
     </span>
     <span class='ocr_line' id='line_1_19' title="bbox 1075 2598 4158 2680; baseline 0 -21"><span class='ocrx_word' id='word_1_252' title='bbox 1075 2598 1186 2659; x_wconf 87' lang='lat' dir='ltr'>is.’&#39;</span> <span class='ocrx_word' id='word_1_253' title='bbox 1270 2598 1389 2680; x_wconf 86' lang='lat' dir='ltr'>(De</span> <span class='ocrx_word' id='word_1_254' title='bbox 1430 2600 1693 2659; x_wconf 77' lang='lat' dir='ltr'>Modeme</span> <span class='ocrx_word' id='word_1_255' title='bbox 1744 2599 2331 2675; x_wconf 68' lang='lat' dir='ltr'>Wereldbesckouwinq</span> <span class='ocrx_word' id='word_1_256' title='bbox 2369 2600 2717 2674; x_wconf 68' lang='lat' dir='ltr'>vooryesteld</span> <span class='ocrx_word' id='word_1_257' title='bbox 2747 2618 2816 2660; x_wconf 75' lang='lat' dir='ltr'>en</span> <span class='ocrx_word' id='word_1_258' title='bbox 2861 2599 3203 2671; x_wconf 72' lang='lat' dir='ltr'>oeoordeeld,</span> <span class='ocrx_word' id='word_1_259' title='bbox 3259 2618 3402 2659; x_wconf 78' lang='lat' dir='ltr'>naar</span> <span class='ocrx_word' id='word_1_260' title='bbox 3440 2600 3537 2658; x_wconf 65' lang='lat' dir='ltr'>ket</span> <span class='ocrx_word' id='word_1_261' title='bbox 3576 2598 3797 2674; x_wconf 68' lang='lat' dir='ltr'>Hooyd.</span> <span class='ocrx_word' id='word_1_262' title='bbox 3839 2618 3952 2659; x_wconf 66' lang='lat' dir='ltr'>vm</span> <span class='ocrx_word' id='word_1_263' title='bbox 3991 2614 4158 2659; x_wconf 70' lang='lat' dir='ltr'>um</span> 
     </span>
     <span class='ocr_line' id='line_1_20' title="bbox 1078 2698 4158 2783; baseline -0 -21"><span class='ocrx_word' id='word_1_264' title='bbox 1078 2721 1143 2762; x_wconf 80' lang='lat' dir='ltr'>en</span> <span class='ocrx_word' id='word_1_265' title='bbox 1186 2719 1459 2776; x_wconf 62' lang='lat' dir='ltr'>ananan,</span> <span class='ocrx_word' id='word_1_266' title='bbox 1498 2703 1635 2761; x_wconf 84' lang='lat' dir='ltr'>door</span> <span class='ocrx_word' id='word_1_267' title='bbox 1674 2718 1733 2763; x_wconf 64' lang='grc' dir='ltr'>ιν.</span> <span class='ocrx_word' id='word_1_268' title='bbox 1774 2720 1833 2762; x_wconf 67' lang='grc' dir='ltr'>Δ.</span> <span class='ocrx_word' id='word_1_269' title='bbox 1872 2720 1925 2763; x_wconf 89' lang='lat' dir='ltr'>c.</span> <span class='ocrx_word' id='word_1_270' title='bbox 1968 2718 2341 2775; x_wconf 67' lang='lat' dir='ltr'>nocemur,</span> <span class='ocrx_word' id='word_1_271' title='bbox 2383 2722 2439 2783; x_wconf 86' lang='lat' dir='ltr'>p.</span> <span class='ocrx_word' id='word_1_272' title='bbox 2477 2701 2602 2781; x_wconf 83' lang='lat'>51.)</span> <span class='ocrx_word' id='word_1_273' title='bbox 2681 2702 2910 2780; x_wconf 87' lang='lat' dir='ltr'>Neque,</span> <span class='ocrx_word' id='word_1_274' title='bbox 2966 2701 3074 2762; x_wconf 82' lang='lat' dir='ltr'>hac</span> <span class='ocrx_word' id='word_1_275' title='bbox 3121 2698 3444 2761; x_wconf 83' lang='lat' dir='ltr'>definitione</span> <span class='ocrx_word' id='word_1_276' title='bbox 3495 2700 3765 2772; x_wconf 79' lang='lat' dir='ltr'>admissa,</span> <span class='ocrx_word' id='word_1_277' title='bbox 3823 2702 3918 2763; x_wconf 81' lang='lat' dir='ltr'>vel</span> <span class='ocrx_word' id='word_1_278' title='bbox 3972 2698 4158 2761; x_wconf 87' lang='lat' dir='ltr'>notio·</span> 
     </span>
     <span class='ocr_line' id='line_1_21' title="bbox 1074 2800 4155 2883; baseline -0 -20"><span class='ocrx_word' id='word_1_279' title='bbox 1074 2823 1205 2865; x_wconf 86' lang='lat' dir='ltr'>nem</span> <span class='ocrx_word' id='word_1_280' title='bbox 1246 2802 1499 2863; x_wconf 76' lang='lat' dir='ltr'>miraculi</span> <span class='ocrx_word' id='word_1_281' title='bbox 1534 2821 1755 2883; x_wconf 86' lang='lat' dir='ltr'>prorsus</span> <span class='ocrx_word' id='word_1_282' title='bbox 1788 2802 1993 2883; x_wconf 87' lang='lat' dir='ltr'>perire,</span> <span class='ocrx_word' id='word_1_283' title='bbox 2037 2804 2127 2862; x_wconf 80' lang='lat' dir='ltr'>vel</span> <span class='ocrx_word' id='word_1_284' title='bbox 2162 2802 2301 2862; x_wconf 89' lang='lat' dir='ltr'>illud</span> <span class='ocrx_word' id='word_1_285' title='bbox 2338 2802 2494 2863; x_wconf 89' lang='lat' dir='ltr'>omni</span> <span class='ocrx_word' id='word_1_286' title='bbox 2536 2803 2591 2863; x_wconf 76' lang='lat' dir='ltr'>vi</span> <span class='ocrx_word' id='word_1_287' title='bbox 2629 2821 2696 2863; x_wconf 89' lang='lat' dir='ltr'>ac</span> <span class='ocrx_word' id='word_1_288' title='bbox 2729 2802 2909 2882; x_wconf 83' lang='lat' dir='ltr'>pretio</span> <span class='ocrx_word' id='word_1_289' title='bbox 2943 2800 3170 2863; x_wconf 87' lang='lat' dir='ltr'>destitui</span> <span class='ocrx_word' id='word_1_290' title='bbox 3202 2801 3311 2883; x_wconf 87' lang='lat' dir='ltr'>(uti</span> <span class='ocrx_word' id='word_1_291' title='bbox 3347 2800 3630 2863; x_wconf 74' lang='lat' dir='ltr'>contendit</span> <span class='ocrx_word' id='word_1_292' title='bbox 3663 2801 3830 2862; x_wconf 89' lang='lat' dir='ltr'>Doct.</span> <span class='ocrx_word' id='word_1_293' title='bbox 3863 2818 4155 2874; x_wconf 61' lang='lat' dir='ltr'>missen,</span> 
     </span>
     <span class='ocr_line' id='line_1_22' title="bbox 1058 2904 4157 2985; baseline 0.001 -20"><span class='ocrx_word' id='word_1_294' title='bbox 1058 2908 1137 2965; x_wconf 72' lang='lat' dir='ltr'>de</span> <span class='ocrx_word' id='word_1_295' title='bbox 1186 2906 1356 2978; x_wconf 71' lang='lat' dir='ltr'>Gide,</span> <span class='ocrx_word' id='word_1_296' title='bbox 1412 2926 1465 2965; x_wconf 85' lang='lat' dir='ltr'>a.</span> <span class='ocrx_word' id='word_1_297' title='bbox 1512 2908 1705 2977; x_wconf 81' lang='grc'><strong>1858,</strong></span> <span class='ocrx_word' id='word_1_298' title='bbox 1758 2924 1817 2985; x_wconf 87' lang='lat' dir='ltr'>p.</span> <span class='ocrx_word' id='word_1_299' title='bbox 1859 2909 1976 2965; x_wconf 82' lang='grc'>488</span> <span class='ocrx_word' id='word_1_300' title='bbox 2020 2922 2104 2983; x_wconf 88' lang='lat' dir='ltr'>sq.</span> <span class='ocrx_word' id='word_1_301' title='bbox 2144 2908 2203 2963; x_wconf 83' lang='lat' dir='ltr'>et</span> <span class='ocrx_word' id='word_1_302' title='bbox 2248 2904 2654 2984; x_wconf 89' lang='lat' dir='ltr'>quodammodo</span> <span class='ocrx_word' id='word_1_303' title='bbox 2715 2906 2882 2965; x_wconf 83' lang='lat' dir='ltr'>etiam</span> <span class='ocrx_word' id='word_1_304' title='bbox 2923 2906 3194 2965; x_wconf 70' lang='lat' dir='ltr'>concessit</span> <span class='ocrx_word' id='word_1_305' title='bbox 3235 2904 3400 2965; x_wconf 87' lang='lat' dir='ltr'>Doct.</span> <span class='ocrx_word' id='word_1_306' title='bbox 3447 2922 3509 2966; x_wconf 82' lang='lat' dir='ltr'>n.</span> <span class='ocrx_word' id='word_1_307' title='bbox 3553 2920 3860 2977; x_wconf 70' lang='lat' dir='ltr'>namma,</span> <span class='ocrx_word' id='word_1_308' title='bbox 3921 2904 4157 2967; x_wconf 69' lang='lat' dir='ltr'>Nion-ou</span> 
     </span>
     <span class='ocr_line' id='line_1_23' title="bbox 1080 3003 4160 3090; baseline 0.001 -22"><span class='ocrx_word' id='word_1_309' title='bbox 1080 3008 1471 3083; x_wconf 71' lang='lat' dir='ltr'>,Theoloqieche</span> <span class='ocrx_word' id='word_1_310' title='bbox 1506 3008 1877 3081; x_wconf 75' lang='lat' dir='ltr'>Jaarboeken)</span> <span class='ocrx_word' id='word_1_311' title='bbox 1892 3051 1907 3078; x_wconf 93' lang='lat'>,</span> <span class='ocrx_word' id='word_1_312' title='bbox 1966 3003 2269 3067; x_wconf 75' lang='lat' dir='ltr'>concedere</span> <span class='ocrx_word' id='word_1_313' title='bbox 2316 3026 2574 3087; x_wconf 65' lang='lat' dir='ltr'>possum,</span> <span class='ocrx_word' id='word_1_314' title='bbox 2631 3004 2780 3086; x_wconf 90' lang='lat' dir='ltr'>quod</span> <span class='ocrx_word' id='word_1_315' title='bbox 2833 3012 3020 3070; x_wconf 83' lang='lat' dir='ltr'>tamen</span> <span class='ocrx_word' id='word_1_316' title='bbox 3072 3006 3319 3090; x_wconf 85' lang='lat' dir='ltr'>pluribus</span> <span class='ocrx_word' id='word_1_317' title='bbox 3361 3013 3792 3070; x_wconf 70' lang='lat' dir='ltr'>commonstrare</span> <span class='ocrx_word' id='word_1_318' title='bbox 3831 3007 4001 3069; x_wconf 83' lang='lat' dir='ltr'>huius</span> <span class='ocrx_word' id='word_1_319' title='bbox 4042 3008 4160 3071; x_wconf 87' lang='lat' dir='ltr'>loci</span> 
     </span>
     <span class='ocr_line' id='line_1_24' title="bbox 1073 3107 4160 3192; baseline 0.001 -22"><span class='ocrx_word' id='word_1_320' title='bbox 1073 3130 1190 3170; x_wconf 88' lang='lat' dir='ltr'>non</span> <span class='ocrx_word' id='word_1_321' title='bbox 1242 3115 1349 3170; x_wconf 86' lang='lat' dir='ltr'>est.</span> <span class='ocrx_word' id='word_1_322' title='bbox 1429 3109 1564 3170; x_wconf 87' lang='lat' dir='ltr'>Hoc</span> <span class='ocrx_word' id='word_1_323' title='bbox 1616 3113 1837 3169; x_wconf 80' lang='lat' dir='ltr'>tuntum</span> <span class='ocrx_word' id='word_1_324' title='bbox 1886 3107 2053 3168; x_wconf 84' lang='lat' dir='ltr'>velim</span> <span class='ocrx_word' id='word_1_325' title='bbox 2107 3109 2251 3172; x_wconf 86' lang='lat' dir='ltr'>bene</span> <span class='ocrx_word' id='word_1_326' title='bbox 2268 3169 2283 3182; x_wconf 55' lang='lat'><em>„</em></span> <span class='ocrx_word' id='word_1_327' title='bbox 2302 3109 2597 3170; x_wconf 84' lang='lat' dir='ltr'>attendant</span> <span class='ocrx_word' id='word_1_328' title='bbox 2633 3129 2702 3171; x_wconf 79' lang='lat' dir='ltr'>sc</span> <span class='ocrx_word' id='word_1_329' title='bbox 2743 3110 3080 3192; x_wconf 80' lang='lat' dir='ltr'>perpendant</span> <span class='ocrx_word' id='word_1_330' title='bbox 3121 3112 3300 3172; x_wconf 88' lang='lat' dir='ltr'>nostri</span> <span class='ocrx_word' id='word_1_331' title='bbox 3338 3111 3643 3190; x_wconf 80' lang='lat' dir='ltr'>Theologi:</span> <span class='ocrx_word' id='word_1_332' title='bbox 3701 3111 3938 3172; x_wconf 84' lang='lat' dir='ltr'>Etiamsi</span> <span class='ocrx_word' id='word_1_333' title='bbox 3979 3111 4160 3172; x_wconf 85' lang='lat' dir='ltr'>mira·</span> 
     </span>
     <span class='ocr_line' id='line_1_25' title="bbox 1078 3211 4158 3296; baseline 0.001 -22"><span class='ocrx_word' id='word_1_334' title='bbox 1078 3216 1231 3286; x_wconf 78' lang='lat' dir='ltr'>cula,</span> <span class='ocrx_word' id='word_1_335' title='bbox 1294 3211 1367 3274; x_wconf 80' lang='lat' dir='ltr'>ad</span> <span class='ocrx_word' id='word_1_336' title='bbox 1426 3213 1705 3274; x_wconf 79' lang='lat' dir='ltr'>mirabilia</span> <span class='ocrx_word' id='word_1_337' title='bbox 1755 3212 2043 3293; x_wconf 86' lang='lat' dir='ltr'>depressa,</span> <span class='ocrx_word' id='word_1_338' title='bbox 2096 3212 2256 3272; x_wconf 88' lang='lat' dir='ltr'>omni</span> <span class='ocrx_word' id='word_1_339' title='bbox 2308 3211 2368 3274; x_wconf 81' lang='lat' dir='ltr'>vi</span> <span class='ocrx_word' id='word_1_340' title='bbox 2425 3217 2706 3286; x_wconf 77' lang='lat' dir='ltr'>carerent,</span> <span class='ocrx_word' id='word_1_341' title='bbox 2763 3215 2853 3274; x_wconf 81' lang='lat' dir='ltr'>vel</span> <span class='ocrx_word' id='word_1_342' title='bbox 2905 3214 2986 3276; x_wconf 89' lang='lat' dir='ltr'>sic</span> <span class='ocrx_word' id='word_1_343' title='bbox 3037 3221 3227 3275; x_wconf 85' lang='lat' dir='ltr'>tamen</span> <span class='ocrx_word' id='word_1_344' title='bbox 3285 3215 3516 3276; x_wconf 86' lang='lat' dir='ltr'>minime</span> <span class='ocrx_word' id='word_1_345' title='bbox 3570 3214 3798 3296; x_wconf 85' lang='lat' dir='ltr'>perinde</span> <span class='ocrx_word' id='word_1_346' title='bbox 3843 3221 3993 3275; x_wconf 86' lang='lat' dir='ltr'>esset</span> <span class='ocrx_word' id='word_1_347' title='bbox 4045 3233 4158 3276; x_wconf 82' lang='lat' dir='ltr'>nec</span> 
     </span>
     <span class='ocr_line' id='line_1_26' title="bbox 1074 3313 4154 3399; baseline 0.001 -23"><span class='ocrx_word' id='word_1_348' title='bbox 1074 3316 1271 3377; x_wconf 89' lang='lat' dir='ltr'>eodem</span> <span class='ocrx_word' id='word_1_349' title='bbox 1325 3315 1565 3388; x_wconf 85' lang='lat' dir='ltr'>rediret,</span> <span class='ocrx_word' id='word_1_350' title='bbox 1619 3316 1681 3376; x_wconf 89' lang='lat' dir='ltr'>in</span> <span class='ocrx_word' id='word_1_351' title='bbox 1734 3316 2013 3396; x_wconf 66' lang='lat' dir='ltr'>Apologia</span> <span class='ocrx_word' id='word_1_352' title='bbox 2058 3315 2382 3375; x_wconf 81' lang='lat' dir='ltr'>Christiana</span> <span class='ocrx_word' id='word_1_353' title='bbox 2421 3313 2820 3388; x_wconf 85' lang='lat' dir='ltr'>construenda,</span> <span class='ocrx_word' id='word_1_354' title='bbox 2861 3315 2997 3397; x_wconf 91' lang='lat' dir='ltr'>quid</span> <span class='ocrx_word' id='word_1_355' title='bbox 3037 3316 3108 3378; x_wconf 85' lang='lat' dir='ltr'>de</span> <span class='ocrx_word' id='word_1_356' title='bbox 3145 3317 3246 3391; x_wconf 85' lang='lat' dir='ltr'>iis,</span> <span class='ocrx_word' id='word_1_357' title='bbox 3291 3317 3582 3399; x_wconf 83' lang='lat' dir='ltr'>praecipue</span> <span class='ocrx_word' id='word_1_358' title='bbox 3617 3318 3690 3379; x_wconf 84' lang='lat' dir='ltr'>de</span> <span class='ocrx_word' id='word_1_359' title='bbox 3729 3319 3892 3380; x_wconf 78' lang='lat' dir='ltr'>iactis</span> <span class='ocrx_word' id='word_1_360' title='bbox 3933 3341 3972 3381; x_wconf 87' lang='lat' dir='ltr'>a</span> <span class='ocrx_word' id='word_1_361' title='bbox 4009 3335 4154 3380; x_wconf 72' lang='lat' dir='ltr'>msc</span> 
     </span>
     <span class='ocr_line' id='line_1_27' title="bbox 1074 3417 4158 3500; baseline 0.001 -22"><span class='ocrx_word' id='word_1_362' title='bbox 1074 3418 1335 3500; x_wconf 81' lang='lat' dir='ltr'>patratis,</span> <span class='ocrx_word' id='word_1_363' title='bbox 1397 3424 1625 3480; x_wconf 80' lang='lat' dir='ltr'>statuas.</span> <span class='ocrx_word' id='word_1_364' title='bbox 1688 3449 1769 3463; x_wconf 92' lang='lat'>-·</span> <span class='ocrx_word' id='word_1_365' title='bbox 1831 3418 2093 3479; x_wconf 87' lang='lat' dir='ltr'>Ceterum</span> <span class='ocrx_word' id='word_1_366' title='bbox 2154 3417 2271 3477; x_wconf 88' lang='lat' dir='ltr'>iure</span> <span class='ocrx_word' id='word_1_367' title='bbox 2326 3436 2427 3478; x_wconf 83' lang='lat' dir='ltr'>suo</span> <span class='ocrx_word' id='word_1_368' title='bbox 2484 3418 2572 3478; x_wconf 87' lang='lat' dir='ltr'>cl.</span> <span class='ocrx_word' id='word_1_369' title='bbox 2623 3435 2846 3491; x_wconf 69' lang='lat' dir='ltr'>vinu,</span> <span class='ocrx_word' id='word_1_370' title='bbox 2901 3419 2964 3480; x_wconf 90' lang='lat' dir='ltr'>in</span> <span class='ocrx_word' id='word_1_371' title='bbox 3027 3419 3412 3500; x_wconf 72' lang='lat' dir='ltr'>disquisitione</span> <span class='ocrx_word' id='word_1_372' title='bbox 3465 3423 3612 3482; x_wconf 86' lang='lat' dir='ltr'>lectu</span> <span class='ocrx_word' id='word_1_373' title='bbox 3658 3421 4015 3500; x_wconf 82' lang='lat' dir='ltr'>dignissima:</span> <span class='ocrx_word' id='word_1_374' title='bbox 4085 3423 4158 3482; x_wconf 76' lang='lat' dir='ltr'>ds</span> 
     </span>
     <span class='ocr_line' id='line_1_28' title="bbox 1074 3521 4158 3601; baseline 0.001 -19"><span class='ocrx_word' id='word_1_375' title='bbox 1074 3521 1329 3598; x_wconf 75' lang='lat' dir='ltr'>Empirie</span> <span class='ocrx_word' id='word_1_376' title='bbox 1375 3541 1484 3583; x_wconf 79' lang='lat' dir='ltr'>van</span> <span class='ocrx_word' id='word_1_377' title='bbox 1532 3538 1704 3582; x_wconf 66' lang='lat' dir='ltr'>:esus</span> <span class='ocrx_word' id='word_1_378' title='bbox 1762 3523 2064 3597; x_wconf 70' lang='lat' dir='ltr'>Apostolen</span> <span class='ocrx_word' id='word_1_379' title='bbox 2110 3539 2177 3580; x_wconf 77' lang='lat' dir='ltr'>en</span> <span class='ocrx_word' id='word_1_380' title='bbox 2221 3521 2444 3580; x_wconf 70' lang='lat' dir='ltr'>werdere</span> <span class='ocrx_word' id='word_1_381' title='bbox 2482 3521 2850 3598; x_wconf 68' lang='lat' dir='ltr'>tiy‘dyenoocen</span> <span class='ocrx_word' id='word_1_382' title='bbox 2885 3528 2993 3582; x_wconf 74' lang='lat' dir='ltr'>noet</span> <span class='ocrx_word' id='word_1_383' title='bbox 3031 3523 3224 3599; x_wconf 72' lang='lat' dir='ltr'>opaeiyt</span> <span class='ocrx_word' id='word_1_384' title='bbox 3261 3531 3350 3584; x_wconf 76' lang='lat' dir='ltr'>tot</span> <span class='ocrx_word' id='word_1_385' title='bbox 3387 3524 3501 3601; x_wconf 65' lang='lat' dir='ltr'>ajin</span> <span class='ocrx_word' id='word_1_386' title='bbox 3525 3545 3767 3601; x_wconf 76' lang='lat' dir='ltr'>per-soon</span> <span class='ocrx_word' id='word_1_387' title='bbox 3783 3569 3800 3597; x_wconf 93' lang='lat'>,</span> <span class='ocrx_word' id='word_1_388' title='bbox 3839 3526 3962 3600; x_wconf 60' lang='lat' dir='ltr'>siin</span> <span class='ocrx_word' id='word_1_389' title='bbox 3997 3527 4158 3586; x_wconf 69' lang='lat' dir='ltr'>hoen</span> 
     </span>
     <span class='ocr_line' id='line_1_29' title="bbox 1078 3623 4154 3707; baseline 0.002 -24"><span class='ocrx_word' id='word_1_390' title='bbox 1078 3643 1143 3683; x_wconf 79' lang='lat' dir='ltr'>en</span> <span class='ocrx_word' id='word_1_391' title='bbox 1194 3623 1341 3698; x_wconf 67' lang='lat' dir='ltr'>ziine</span> <span class='ocrx_word' id='word_1_392' title='bbox 1388 3625 1563 3684; x_wconf 81' lang='lat' dir='ltr'>daden</span> <span class='ocrx_word' id='word_1_393' title='bbox 1608 3625 1829 3699; x_wconf 72' lang='lat' dir='ltr'>volqene</span> <span class='ocrx_word' id='word_1_394' title='bbox 1871 3625 1937 3684; x_wconf 76' lang='lat' dir='ltr'>de</span> <span class='ocrx_word' id='word_1_395' title='bbox 1990 3624 2333 3699; x_wconf 67' lang='lat' dir='ltr'>Evanqezien</span> <span class='ocrx_word' id='word_1_396' title='bbox 2371 3623 2744 3700; x_wconf 56' lang='lat' dir='ltr'>(Christelrh&#39;k</span> <span class='ocrx_word' id='word_1_397' title='bbox 2791 3623 3218 3702; x_wconf 65' lang='lat' dir='ltr'>Haandscbrsfl</span> <span class='ocrx_word' id='word_1_398' title='bbox 3277 3630 3463 3699; x_wconf 81' lang='grc'><strong>1880,</strong></span> <span class='ocrx_word' id='word_1_399' title='bbox 3518 3645 3595 3688; x_wconf 87' lang='lat' dir='ltr'>m.</span> <span class='ocrx_word' id='word_1_400' title='bbox 3635 3627 3804 3699; x_wconf 78' lang='lat' dir='ltr'>Maii,</span> <span class='ocrx_word' id='word_1_401' title='bbox 3859 3648 3916 3707; x_wconf 84' lang='lat' dir='ltr'>p.</span> <span class='ocrx_word' id='word_1_402' title='bbox 3963 3631 4154 3703; x_wconf 74' lang='lat'>288),</span> 
     </span>
     <span class='ocr_line' id='line_1_30' title="bbox 1070 3725 4154 3807; baseline 0.002 -22"><span class='ocrx_word' id='word_1_403' title='bbox 1070 3726 1129 3785; x_wconf 90' lang='lat' dir='ltr'>in</span> <span class='ocrx_word' id='word_1_404' title='bbox 1165 3726 1492 3786; x_wconf 87' lang='lat' dir='ltr'>memoriam</span> <span class='ocrx_word' id='word_1_405' title='bbox 1525 3725 1807 3787; x_wconf 79' lang='lat' dir='ltr'>revocavit</span> <span class='ocrx_word' id='word_1_406' title='bbox 1822 3771 1837 3798; x_wconf 93' lang='lat'>,</span> <span class='ocrx_word' id='word_1_407' title='bbox 1879 3743 2019 3805; x_wconf 79' lang='lat' dir='ltr'>quse</span> <span class='ocrx_word' id='word_1_408' title='bbox 2058 3731 2189 3786; x_wconf 86' lang='lat' dir='ltr'>ante</span> <span class='ocrx_word' id='word_1_409' title='bbox 2227 3729 2435 3788; x_wconf 85' lang='lat' dir='ltr'>multos</span> <span class='ocrx_word' id='word_1_410' title='bbox 2473 3745 2648 3787; x_wconf 85' lang='lat' dir='ltr'>annos</span> <span class='ocrx_word' id='word_1_411' title='bbox 2687 3743 3025 3788; x_wconf 72' lang='lat' dir='ltr'>cumssxus</span> <span class='ocrx_word' id='word_1_412' title='bbox 3067 3732 3125 3788; x_wconf 89' lang='lat' dir='ltr'>et</span> <span class='ocrx_word' id='word_1_413' title='bbox 3167 3745 3514 3790; x_wconf 59' lang='lat' dir='ltr'>worumnus</span> <span class='ocrx_word' id='word_1_414' title='bbox 3553 3729 3626 3789; x_wconf 87' lang='lat' dir='ltr'>dc</span> <span class='ocrx_word' id='word_1_415' title='bbox 3665 3729 3776 3790; x_wconf 81' lang='lat' dir='ltr'>hoc</span> <span class='ocrx_word' id='word_1_416' title='bbox 3813 3736 4154 3807; x_wconf 82' lang='lat' dir='ltr'>argumento</span> 
     </span>
     <span class='ocr_line' id='line_1_31' title="bbox 1074 3827 4156 3911; baseline 0.002 -23"><span class='ocrx_word' id='word_1_417' title='bbox 1074 3827 1410 3907; x_wconf 86' lang='lat' dir='ltr'>scripserunt</span> <span class='ocrx_word' id='word_1_418' title='bbox 1450 3829 1629 3905; x_wconf 84' lang='lat' dir='ltr'><em>(Opp.</em></span> <span class='ocrx_word' id='word_1_419' title='bbox 1668 3831 1791 3888; x_wconf 76' lang='lat' dir='ltr'>Soc.</span> <span class='ocrx_word' id='word_1_420' title='bbox 1834 3830 1991 3903; x_wconf 71' lang='lat' dir='ltr'><strong><em>Hay.</em></strong></span> <span class='ocrx_word' id='word_1_421' title='bbox 2032 3848 2089 3889; x_wconf 84' lang='lat' dir='ltr'>a.</span> <span class='ocrx_word' id='word_1_422' title='bbox 2136 3831 2341 3903; x_wconf 86' lang='grc'><strong>1800).</strong></span> <span class='ocrx_word' id='word_1_423' title='bbox 2435 3829 2606 3890; x_wconf 84' lang='lat' dir='ltr'>Unde</span> <span class='ocrx_word' id='word_1_424' title='bbox 2644 3831 2844 3890; x_wconf 86' lang='lat' dir='ltr'>saltem</span> <span class='ocrx_word' id='word_1_425' title='bbox 2882 3837 3108 3910; x_wconf 86' lang='lat' dir='ltr'>apparet</span> <span class='ocrx_word' id='word_1_426' title='bbox 3145 3831 3314 3892; x_wconf 90' lang='lat' dir='ltr'>dubia</span> <span class='ocrx_word' id='word_1_427' title='bbox 3351 3833 3478 3904; x_wconf 84' lang='lat' dir='ltr'>illa,</span> <span class='ocrx_word' id='word_1_428' title='bbox 3533 3851 3672 3911; x_wconf 77' lang='lat' dir='ltr'>quse</span> <span class='ocrx_word' id='word_1_429' title='bbox 3711 3851 3862 3894; x_wconf 86' lang='lat' dir='ltr'>nunc</span> <span class='ocrx_word' id='word_1_430' title='bbox 3903 3835 4156 3894; x_wconf 83' lang='lat' dir='ltr'>maxime</span> 
     </span>
     <span class='ocr_line' id='line_1_32' title="bbox 1076 3915 4156 4011; baseline 0.002 -22"><span class='ocrx_word' id='word_1_431' title='bbox 1076 3936 1343 4006; x_wconf 82' lang='lat' dir='ltr'>urgentur</span> <span class='ocrx_word' id='word_1_432' title='bbox 1356 3973 1375 4000; x_wconf 89' lang='lat'>,</span> <span class='ocrx_word' id='word_1_433' title='bbox 1428 3929 1659 3989; x_wconf 88' lang='lat' dir='ltr'>minime</span> <span class='ocrx_word' id='word_1_434' title='bbox 1714 3950 1746 3990; x_wconf 93' lang='lat' dir='ltr'>e</span> <span class='ocrx_word' id='word_1_435' title='bbox 1800 3936 2013 3992; x_wconf 89' lang='lat' dir='ltr'>mutata</span> <span class='ocrx_word' id='word_1_436' title='bbox 2060 3929 2253 3990; x_wconf 86' lang='lat' dir='ltr'>mundi</span> <span class='ocrx_word' id='word_1_437' title='bbox 2300 3930 2768 4011; x_wconf 79' lang='lat' dir='ltr'>contemplatione</span> <span class='ocrx_word' id='word_1_438' title='bbox 2809 3931 3079 4005; x_wconf 65' lang='lat' dir='ltr'>(nodet-ne</span> <span class='ocrx_word' id='word_1_439' title='bbox 3123 3915 3713 4008; x_wconf 64' lang='lat' dir='ltr'>wereldbescbouwinq)</span> <span class='ocrx_word' id='word_1_440' title='bbox 3753 3932 3984 3994; x_wconf 87' lang='lat' dir='ltr'>demum</span> <span class='ocrx_word' id='word_1_441' title='bbox 4023 3941 4156 3996; x_wconf 82' lang='lat' dir='ltr'>orta</span> 
     </span>
     <span class='ocr_line' id='line_1_33' title="bbox 1076 4033 4154 4114; baseline 0.002 -21"><span class='ocrx_word' id='word_1_442' title='bbox 1076 4052 1197 4093; x_wconf 86' lang='lat' dir='ltr'>esse</span> <span class='ocrx_word' id='word_1_443' title='bbox 1211 4077 1228 4104; x_wconf 92' lang='lat'>‚</span> <span class='ocrx_word' id='word_1_444' title='bbox 1282 4051 1389 4092; x_wconf 89' lang='lat' dir='ltr'>nec</span> <span class='ocrx_word' id='word_1_445' title='bbox 1440 4051 1538 4092; x_wconf 91' lang='lat' dir='ltr'>eos</span> <span class='ocrx_word' id='word_1_446' title='bbox 1590 4034 1753 4113; x_wconf 83' lang='lat' dir='ltr'>plane</span> <span class='ocrx_word' id='word_1_447' title='bbox 1806 4033 2028 4095; x_wconf 84' lang='lat' dir='ltr'>latuisse</span> <span class='ocrx_word' id='word_1_448' title='bbox 2044 4079 2060 4106; x_wconf 97' lang='lat'>,</span> <span class='ocrx_word' id='word_1_449' title='bbox 2113 4033 2210 4114; x_wconf 90' lang='lat' dir='ltr'>qui</span> <span class='ocrx_word' id='word_1_450' title='bbox 2261 4033 2410 4093; x_wconf 87' lang='lat' dir='ltr'>hanc</span> <span class='ocrx_word' id='word_1_451' title='bbox 2429 4033 2852 4094; x_wconf 81' lang='lat' dir='ltr'>‘miraculorum</span> <span class='ocrx_word' id='word_1_452' title='bbox 2907 4035 3200 4096; x_wconf 79' lang='lat' dir='ltr'>veritatem</span> <span class='ocrx_word' id='word_1_453' title='bbox 3254 4033 3536 4094; x_wconf 84' lang='lat' dir='ltr'>vindicare</span> <span class='ocrx_word' id='word_1_454' title='bbox 3575 4036 3940 4096; x_wconf 86' lang='lat' dir='ltr'>conabantur.</span> <span class='ocrx_word' id='word_1_455' title='bbox 4020 4037 4154 4098; x_wconf 86' lang='lat' dir='ltr'>Nec</span> 
     </span>
     <span class='ocr_line' id='line_1_34' title="bbox 1077 4133 4154 4217; baseline 0.001 -21"><span class='ocrx_word' id='word_1_456' title='bbox 1077 4135 1261 4196; x_wconf 86' lang='lat' dir='ltr'>minus</span> <span class='ocrx_word' id='word_1_457' title='bbox 1310 4134 1422 4194; x_wconf 84' lang='lat' dir='ltr'>hoc</span> <span class='ocrx_word' id='word_1_458' title='bbox 1474 4133 1545 4194; x_wconf 88' lang='lat' dir='ltr'>de</span> <span class='ocrx_word' id='word_1_459' title='bbox 1594 4141 1919 4212; x_wconf 80' lang='lat' dir='ltr'>argumento</span> <span class='ocrx_word' id='word_1_460' title='bbox 1974 4135 2089 4212; x_wconf 76' lang='lat' dir='ltr'>legi</span> <span class='ocrx_word' id='word_1_461' title='bbox 2142 4143 2386 4196; x_wconf 84' lang='lat' dir='ltr'>meretur</span> <span class='ocrx_word' id='word_1_462' title='bbox 2439 4137 2528 4197; x_wconf 82' lang='lat'>01.</span> <span class='ocrx_word' id='word_1_463' title='bbox 2571 4153 2880 4197; x_wconf 67' lang='lat' dir='ltr'>uorsa-ens</span> <span class='ocrx_word' id='word_1_464' title='bbox 2930 4154 3011 4197; x_wconf 75' lang='lat' dir='ltr'>nn</span> <span class='ocrx_word' id='word_1_465' title='bbox 3057 4153 3286 4210; x_wconf 73' lang='lat' dir='ltr'>cneo-r,</span> <span class='ocrx_word' id='word_1_466' title='bbox 3345 4137 3740 4214; x_wconf 70' lang='lat' dir='ltr'>Opnerks‘nqen</span> <span class='ocrx_word' id='word_1_467' title='bbox 3791 4157 3924 4199; x_wconf 78' lang='lat' dir='ltr'>over</span> <span class='ocrx_word' id='word_1_468' title='bbox 3959 4141 4154 4217; x_wconf 69' lang='lat' dir='ltr'>eeniqe</span> 
     </span>
     <span class='ocr_line' id='line_1_35' title="bbox 1076 4217 4152 4322; baseline 0.002 -24"><span class='ocrx_word' id='word_1_469' title='bbox 1076 4238 1417 4312; x_wconf 58' lang='lat' dir='ltr'>noveram</span> <span class='ocrx_word' id='word_1_470' title='bbox 1466 4236 1529 4296; x_wconf 72' lang='lat' dir='ltr'>in</span> <span class='ocrx_word' id='word_1_471' title='bbox 1578 4237 1645 4296; x_wconf 73' lang='lat' dir='ltr'>ae</span> <span class='ocrx_word' id='word_1_472' title='bbox 1695 4237 1961 4298; x_wconf 62' lang='lat' dir='ltr'>Modern</span> <span class='ocrx_word' id='word_1_473' title='bbox 2016 4239 2305 4315; x_wconf 67' lang='lat' dir='ltr'>neozoqie</span> <span class='ocrx_word' id='word_1_474' title='bbox 2363 4239 2708 4314; x_wconf 65' lang='lat' dir='ltr'>(eraesd</span> <span class='ocrx_word' id='word_1_475' title='bbox 2753 4239 2816 4299; x_wconf 74' lang='lat' dir='ltr'>in</span> <span class='ocrx_word' id='word_1_476' title='bbox 2867 4240 3065 4314; x_wconf 60' lang='lat' dir='ltr'>uffo,</span> <span class='ocrx_word' id='word_1_477' title='bbox 3129 4217 3338 4313; x_wconf 59' lang='lat'>1⁸30,</span> <span class='ocrx_word' id='word_1_478' title='bbox 3379 4240 3516 4300; x_wconf 69' lang='lat' dir='ltr'>fasc.</span> <span class='ocrx_word' id='word_1_479' title='bbox 3553 4241 3606 4302; x_wconf 93' lang='lat'>1.</span> <span class='ocrx_word' id='word_1_480' title='bbox 3645 4261 3702 4322; x_wconf 82' lang='lat' dir='ltr'>p.</span> <span class='ocrx_word' id='word_1_481' title='bbox 3749 4245 3899 4315; x_wconf 80' lang='lat'>115,</span> <span class='ocrx_word' id='word_1_482' title='bbox 3939 4243 4009 4302; x_wconf 68' lang='lat' dir='ltr'>de</span> <span class='ocrx_word' id='word_1_483' title='bbox 4043 4263 4152 4304; x_wconf 66' lang='lat' dir='ltr'>ne-</span> 
     </span>
     <span class='ocr_line' id='line_1_36' title="bbox 1074 4331 3210 4415; baseline -0.001 -13"><span class='ocrx_word' id='word_1_484' title='bbox 1074 4339 1565 4415; x_wconf 70' lang='lat' dir='ltr'>rebibesohminq</span> <span class='ocrx_word' id='word_1_485' title='bbox 1602 4357 1669 4399; x_wconf 71' lang='lat' dir='ltr'>eu</span> <span class='ocrx_word' id='word_1_486' title='bbox 1706 4342 1804 4400; x_wconf 75' lang='lat' dir='ltr'>het</span> <span class='ocrx_word' id='word_1_487' title='bbox 1840 4341 2099 4412; x_wconf 61' lang='lat' dir='ltr'>under).</span> <span class='ocrx_word' id='word_1_488' title='bbox 3205 4331 3210 4335; x_wconf 63' lang='grc'><em>“</em></span> 
     </span>
    </p>

    <p class='ocr_par' dir='ltr' id='par_1_3' title="bbox 1076 4441 4158 4936">
     <span class='ocr_line' id='line_1_37' title="bbox 1166 4441 4153 4525; baseline 0.002 -21"><span class='ocrx_word' id='word_1_489' title='bbox 1166 4447 1272 4518; x_wconf 76' lang='grc'>80)</span> <span class='ocrx_word' id='word_1_490' title='bbox 1311 4446 1523 4502; x_wconf 78' lang='lat' dir='ltr'>Summa</span> <span class='ocrx_word' id='word_1_491' title='bbox 1560 4442 1906 4503; x_wconf 64' lang='lat' dir='ltr'>maiorne</span> <span class='ocrx_word' id='word_1_492' title='bbox 1936 4441 2169 4502; x_wconf 72' lang='lat' dir='ltr'>imbuere</span> <span class='ocrx_word' id='word_1_493' title='bbox 2193 4449 2457 4518; x_wconf 63' lang='lat' dir='ltr'>peramat.</span> <span class='ocrx_word' id='word_1_494' title='bbox 2547 4443 2832 4521; x_wconf 69' lang='lat' dir='ltr'>Leguntur</span> <span class='ocrx_word' id='word_1_495' title='bbox 2869 4465 2919 4505; x_wconf 90' lang='lat' dir='ltr'>e.</span> <span class='ocrx_word' id='word_1_496' title='bbox 2960 4464 3008 4505; x_wconf 92' lang='lat' dir='ltr'>c.</span> <span class='ocrx_word' id='word_1_497' title='bbox 3049 4464 3193 4524; x_wconf 82' lang='lat' dir='ltr'>qnae</span> <span class='ocrx_word' id='word_1_498' title='bbox 3231 4443 3454 4525; x_wconf 79' lang='lat' dir='ltr'>scripsit</span> <span class='ocrx_word' id='word_1_499' title='bbox 3493 4445 3582 4505; x_wconf 86' lang='lat'>01.</span> <span class='ocrx_word' id='word_1_500' title='bbox 3623 4461 3970 4518; x_wconf 68' lang='lat' dir='ltr'>caccum,</span> <span class='ocrx_word' id='word_1_501' title='bbox 4011 4449 4053 4508; x_wconf 91' lang='lat'>1.</span> <span class='ocrx_word' id='word_1_502' title='bbox 4097 4467 4153 4509; x_wconf 87' lang='lat' dir='ltr'>c.</span> 
     </span>
     <span class='ocr_line' id='line_1_38' title="bbox 1079 4544 4156 4629; baseline 0.002 -22"><span class='ocrx_word' id='word_1_503' title='bbox 1079 4569 1135 4628; x_wconf 83' lang='lat' dir='ltr'>p.</span> <span class='ocrx_word' id='word_1_504' title='bbox 1182 4549 1299 4606; x_wconf 87' lang='lat'>100</span> <span class='ocrx_word' id='word_1_505' title='bbox 1340 4551 1399 4605; x_wconf 83' lang='lat' dir='ltr'>et</span> <span class='ocrx_word' id='word_1_506' title='bbox 1443 4547 1557 4604; x_wconf 87' lang='grc'>118</span> <span class='ocrx_word' id='word_1_507' title='bbox 1578 4589 1593 4617; x_wconf 92' lang='grc'><strong>,</strong></span> <span class='ocrx_word' id='word_1_508' title='bbox 1649 4545 1849 4624; x_wconf 85' lang='lat' dir='ltr'>quibus</span> <span class='ocrx_word' id='word_1_509' title='bbox 1896 4545 2059 4605; x_wconf 88' lang='lat' dir='ltr'>multi</span> <span class='ocrx_word' id='word_1_510' title='bbox 2114 4545 2358 4625; x_wconf 82' lang='lat' dir='ltr'>variique</span> <span class='ocrx_word' id='word_1_511' title='bbox 2405 4545 2518 4606; x_wconf 90' lang='lat' dir='ltr'>loci</span> <span class='ocrx_word' id='word_1_512' title='bbox 2553 4544 2684 4606; x_wconf 75' lang='lat' dir='ltr'>eddi</span> <span class='ocrx_word' id='word_1_513' title='bbox 2721 4552 2974 4628; x_wconf 87' lang='lat' dir='ltr'>possent,</span> <span class='ocrx_word' id='word_1_514' title='bbox 3031 4567 3062 4608; x_wconf 91' lang='lat' dir='ltr'>e</span> <span class='ocrx_word' id='word_1_515' title='bbox 3105 4547 3414 4609; x_wconf 71' lang='lat' dir='ltr'>doctissimi</span> <span class='ocrx_word' id='word_1_516' title='bbox 3451 4563 3754 4609; x_wconf 66' lang='lat' dir='ltr'>masona</span> <span class='ocrx_word' id='word_1_517' title='bbox 3793 4549 4015 4629; x_wconf 80' lang='lat' dir='ltr'>scriptis</span> <span class='ocrx_word' id='word_1_518' title='bbox 4057 4551 4156 4612; x_wconf 79' lang='lat' dir='ltr'>vel</span> 
     </span>
     <span class='ocr_line' id='line_1_39' title="bbox 1082 4643 4156 4728; baseline 0.002 -19"><span class='ocrx_word' id='word_1_519' title='bbox 1082 4647 1251 4709; x_wconf 74' lang='lat' dir='ltr'>stiam</span> <span class='ocrx_word' id='word_1_520' title='bbox 1282 4667 1316 4707; x_wconf 85' lang='lat' dir='ltr'>e</span> <span class='ocrx_word' id='word_1_521' title='bbox 1352 4643 1534 4706; x_wconf 59' lang='lat' dir='ltr'>Venia</span> <span class='ocrx_word' id='word_1_522' title='bbox 1574 4663 1806 4708; x_wconf 65' lang='grc' dir='ltr'>πεπυ-,Ν</span> <span class='ocrx_word' id='word_1_523' title='bbox 1845 4652 2001 4708; x_wconf 61' lang='lat' dir='ltr'>aner</span> <span class='ocrx_word' id='word_1_524' title='bbox 2040 4645 2307 4728; x_wconf 81' lang='lat' dir='ltr'>Epistolis</span> <span class='ocrx_word' id='word_1_525' title='bbox 2346 4653 2404 4708; x_wconf 88' lang='lat' dir='ltr'>et</span> <span class='ocrx_word' id='word_1_526' title='bbox 2439 4649 2714 4721; x_wconf 75' lang='lat' dir='ltr'>censuris,</span> <span class='ocrx_word' id='word_1_527' title='bbox 2758 4655 2816 4709; x_wconf 84' lang='lat' dir='ltr'>st</span> <span class='ocrx_word' id='word_1_528' title='bbox 2854 4665 3110 4710; x_wconf 64' lang='lat' dir='ltr'>nuncsi-1</span> <span class='ocrx_word' id='word_1_529' title='bbox 3149 4667 3356 4712; x_wconf 65' lang='lat' dir='ltr'>aarum</span> <span class='ocrx_word' id='word_1_530' title='bbox 3375 4693 3392 4723; x_wconf 85' lang='lat'>,</span> <span class='ocrx_word' id='word_1_531' title='bbox 3427 4651 3612 4711; x_wconf 77' lang='lat' dir='ltr'>Etude</span> <span class='ocrx_word' id='word_1_532' title='bbox 3649 4651 3978 4712; x_wconf 73' lang='lat' dir='ltr'>d’fflecoire</span> <span class='ocrx_word' id='word_1_533' title='bbox 3991 4653 4156 4714; x_wconf 77' lang='lat' dir='ltr'>Reli·</span> 
     </span>
     <span class='ocr_line' id='line_1_40' title="bbox 1076 4749 4158 4833; baseline 0.003 -25"><span class='ocrx_word' id='word_1_534' title='bbox 1076 4751 1293 4824; x_wconf 70' lang='lat' dir='ltr'>qieuw,</span> <span class='ocrx_word' id='word_1_535' title='bbox 1336 4749 1526 4828; x_wconf 83' lang='lat' dir='ltr'>petiti3</span> <span class='ocrx_word' id='word_1_536' title='bbox 1582 4755 1639 4809; x_wconf 87' lang='lat' dir='ltr'>et</span> <span class='ocrx_word' id='word_1_537' title='bbox 1680 4749 1874 4830; x_wconf 87' lang='lat' dir='ltr'>quidni</span> <span class='ocrx_word' id='word_1_538' title='bbox 1912 4750 2209 4824; x_wconf 81' lang='lat' dir='ltr'>confitear,</span> <span class='ocrx_word' id='word_1_539' title='bbox 2256 4769 2348 4811; x_wconf 88' lang='lat' dir='ltr'>me</span> <span class='ocrx_word' id='word_1_540' title='bbox 2388 4749 2557 4812; x_wconf 87' lang='lat' dir='ltr'>etiam</span> <span class='ocrx_word' id='word_1_541' title='bbox 2599 4751 2694 4812; x_wconf 75' lang='lat' dir='ltr'>hic</span> <span class='ocrx_word' id='word_1_542' title='bbox 2733 4769 3014 4814; x_wconf 63' lang='lat' dir='ltr'>acaum-11</span> <span class='ocrx_word' id='word_1_543' title='bbox 3056 4753 3318 4833; x_wconf 80' lang='lat' dir='ltr'>scriptum</span> <span class='ocrx_word' id='word_1_544' title='bbox 3357 4753 3416 4814; x_wconf 89' lang='lat' dir='ltr'>in</span> <span class='ocrx_word' id='word_1_545' title='bbox 3457 4758 3648 4814; x_wconf 87' lang='lat' dir='ltr'>mente</span> <span class='ocrx_word' id='word_1_546' title='bbox 3687 4753 3970 4825; x_wconf 82' lang='lat' dir='ltr'>habuisse,</span> <span class='ocrx_word' id='word_1_547' title='bbox 4011 4773 4158 4833; x_wconf 86' lang='lat' dir='ltr'>qna.-</span> 
     </span>
     <span class='ocr_line' id='line_1_41' title="bbox 1076 4850 4156 4936; baseline 0.002 -22"><span class='ocrx_word' id='word_1_548' title='bbox 1076 4857 1237 4914; x_wconf 82' lang='lat' dir='ltr'>tenus</span> <span class='ocrx_word' id='word_1_549' title='bbox 1272 4850 1369 4912; x_wconf 83' lang='lat' dir='ltr'>hic</span> <span class='ocrx_word' id='word_1_550' title='bbox 1404 4855 1596 4912; x_wconf 82' lang='lat' dir='ltr'>auctor</span> <span class='ocrx_word' id='word_1_551' title='bbox 1632 4851 1872 4915; x_wconf 88' lang='lat' dir='ltr'>amicum</span> <span class='ocrx_word' id='word_1_552' title='bbox 1912 4873 2069 4915; x_wconf 89' lang='lat' dir='ltr'>suum</span> <span class='ocrx_word' id='word_1_553' title='bbox 2087 4897 2104 4927; x_wconf 91' lang='lat'>,</span> <span class='ocrx_word' id='word_1_554' title='bbox 2149 4853 2436 4932; x_wconf 81' lang='lat' dir='ltr'>religionis</span> <span class='ocrx_word' id='word_1_555' title='bbox 2477 4871 2718 4915; x_wconf 68' lang='lat' dir='ltr'>cumn</span> <span class='ocrx_word' id='word_1_556' title='bbox 2759 4875 3006 4917; x_wconf 78' lang='lat' dir='ltr'>caussam</span> <span class='ocrx_word' id='word_1_557' title='bbox 3041 4861 3297 4936; x_wconf 80' lang='lat' dir='ltr'>agentem</span> <span class='ocrx_word' id='word_1_558' title='bbox 3315 4900 3330 4928; x_wconf 94' lang='lat'>,</span> <span class='ocrx_word' id='word_1_559' title='bbox 3373 4858 3693 4936; x_wconf 86' lang='lat' dir='ltr'>loquentem</span> <span class='ocrx_word' id='word_1_560' title='bbox 3722 4854 3976 4918; x_wconf 73' lang='lat' dir='ltr'>inducit?</span> <span class='ocrx_word' id='word_1_561' title='bbox 4027 4857 4156 4918; x_wconf 86' lang='lat' dir='ltr'>Im·</span> 
     </span>
    </p>
   </div>
  </div>
 </body>
</html>
