4730 6049
1079 639 1210 709 316
2211 638 2284 707 B.
2355 639 2407 707 1.
2478 638 3009 706 GRATAMA

1083 847 1338 947 placita
1401 855 1713 937 aeterna,
1783 844 2288 934 immutabilia,
2350 844 2689 920 absoluta.
2793 848 2996 925 Quae
3052 868 3214 919 cum
3259 843 3369 919 his
3413 854 3774 947 pugnent,
3824 855 3953 924 aut
3998 871 4136 923 non

1082 967 1496 1044 conveniant
1560 968 1710 1043 iura
1729 1026 1750 1057 ,
1811 967 2174 1042 hominum
2228 964 2601 1040 tribuenda
2646 974 2771 1040 aut
2818 964 3247 1064 ignorantiae
3265 1022 3287 1054 ,
3335 974 3459 1039 aut
3514 966 3838 1043 malitiae.
3940 967 4139 1043 Haec

1079 1087 1299 1187 igitur
1355 1110 1445 1159 ne
1510 1085 1770 1159 iurium
1829 1083 2116 1183 quidem
2183 1083 2464 1157 nomine
2523 1084 2739 1183 digna
2797 1084 3193 1159 habuerunt
3257 1084 3502 1175 multi,
3570 1094 3811 1163 contra
3867 1087 3981 1161 ius
4026 1086 4137 1161 ius

1082 1231 1222 1282 non
1286 1204 1475 1295 dari,
1547 1204 1641 1279 nil
1702 1205 1824 1302 n'y
1885 1228 1929 1277 a
1989 1228 2115 1301 pas
2180 1203 2269 1277 de
2321 1202 2505 1277 droit
2556 1212 2791 1278 contre
2847 1204 2911 1278 le
2960 1204 3227 1293 droit,''
3278 1204 3745 1303 perhibentes,
3845 1206 4139 1282 Plurimi

1079 1333 1315 1402 autem
1382 1324 1552 1398 iuris
1615 1322 1896 1423 positivi
1961 1322 2277 1420 quamvis
2346 1322 2853 1397 recalcitrantes
2926 1331 2997 1398 et
3064 1325 3439 1399 renitentes
3497 1325 3812 1400 ferebant
3864 1326 4133 1426 iugum.

1079 1448 1267 1521 Cum
1330 1444 1516 1520 enim
1581 1444 1672 1520 ad
1733 1441 2220 1541 explicandum
2286 1448 2356 1515 et
2429 1436 2898 1542 supplendum
2954 1444 3066 1521 ius
3126 1444 3502 1543 positivum
3558 1443 3973 1521 adhiberent
4026 1446 4137 1520 ius

1079 1566 1393 1643 naturale
1439 1565 1528 1641 ab
1581 1590 1664 1639 eo
1710 1588 1849 1638 non
1899 1563 2306 1637 distinctum
2359 1572 2431 1637 et
2487 1572 2920 1661 separatum,
2974 1564 3096 1638 sed
3143 1564 3572 1641 disiunctum
3624 1574 3697 1641 et
3748 1566 4134 1657 divulsum,

1078 1713 1122 1762 a
1164 1685 1432 1761 diverso
1468 1709 1750 1784 prorsus
1785 1684 1976 1758 fonte
2010 1682 2381 1782 repetitum
2405 1741 2425 1772 ,
2465 1708 2698 1781 revera
2733 1684 3282 1783 contorquebant
3316 1694 3387 1760 et
3422 1686 3907 1775 inflectebant,
3946 1686 4138 1785 quod

1075 1806 1355 1881 reiicere
1403 1829 1550 1880 non
1599 1803 1977 1879 audebant.
2078 1804 2172 1876 Et
2219 1828 2301 1876 eo
2362 1804 2618 1878 maiore
2668 1804 2937 1902 impetu
2984 1829 3161 1880 nova
3198 1803 3649 1904 postulabant
3680 1805 3875 1894 iura,
3922 1829 4134 1881 novas

1077 1924 1471 2001 clamabant
1524 1924 1714 2023 leges
1736 1981 1756 2012 ,
1809 1922 2066 2022 quibus
2122 1923 2401 1998 tandem
2447 1924 2559 1998 ius
2605 1923 2780 1999 illud
2828 1924 3229 1999 absolutum
3286 1932 3357 1999 et
3410 1933 3771 1999 aeternum
3827 1924 3904 1998 in
3956 1925 4133 2001 vitae

1079 2053 1152 2121 et
1215 2045 1346 2120 fori
1409 2068 1618 2118 usum
1670 2042 2172 2118 transferretur.
2275 2043 2430 2116 Viri
2482 2068 2620 2118 non
2674 2044 3048 2143 impetuosi
3094 2051 3168 2119 et
3212 2044 3677 2133 vehementis,
3726 2045 3851 2120 sed
3896 2044 4133 2119 mode·

1077 2164 1212 2240 rati
1273 2173 1345 2237 et
1408 2164 1743 2252 modesti,
1805 2186 2140 2237 nummu
2204 2163 2425 2237 nostri
2494 2164 2663 2239 haec
2717 2173 2883 2239 sunt
2932 2164 3179 2239 verba:
3253 2164 3685 2262 ''Legislator
3734 2188 3875 2239 non
3938 2163 4132 2240 dabit

1084 2285 1318 2381 nleges
1336 2343 1357 2374 ,
1410 2284 1534 2358 sed
1580 2308 1918 2383 quasnam
1968 2280 2236 2357 dederit
2276 2288 2527 2358 natura
2577 2282 3009 2359 diiudicabit.
3109 2284 3239 2357 Est
3288 2282 3477 2357 enim
3528 2281 3881 2382 legislator
3930 2283 4133 2381 quasi

1092 2404 1347 2478 niudex
1367 2462 1388 2493 ,
1440 2404 1564 2502 qui
1613 2404 1998 2479 secundum
2048 2402 2237 2501 leges
2285 2411 2575 2477 naturae
2625 2403 2891 2478 dirimit
2936 2426 3183 2478 causas
3230 2411 3609 2502 antequam
3656 2404 4087 2479 occurrant.”

1178 2526 1414 2602 Quam
1479 2548 1728 2599 manca
1794 2522 2003 2597 fuerit
2052 2520 2222 2597 haec
2275 2521 2447 2597 iuris
2496 2524 2831 2599 naturalis
2880 2522 3284 2623 disciplina,
3350 2521 3491 2598 iam
3544 2547 3733 2599 nunc
3774 2546 3985 2598 nemo
4028 2528 4133 2597 est

1077 2645 1203 2744 qui
1243 2669 1382 2719 non
1427 2644 1678 2719 videat.
1777 2642 1953 2717 Eius
2001 2641 2532 2743 impugnatione
2575 2651 2722 2720 tota
2761 2644 3156 2719 continetur
3204 2642 3544 2718 recentior
3588 2642 3761 2717 iuris
3799 2642 4130 2719 naturalis

1072 2764 1382 2841 historia.
1453 2764 1595 2837 Sed
1622 2764 1936 2837 ‘maxime
1974 2763 2049 2835 in
2091 2788 2176 2837 ea
2218 2762 2651 2838 laudandum
2696 2762 3007 2851 videtur,
3058 2760 3251 2860 quod
3272 2818 3294 2849 ,
3342 2760 3505 2835 licet
3542 2784 3681 2835 non
3710 2760 4131 2860 perspexerit

1071 2892 1255 2961 recte
1279 2943 1300 2972 ,
1350 2891 1424 2959 at
1471 2884 1688 2958 sensit
1731 2891 1967 2958 tamen
2015 2884 2386 2982 tenuitque
2431 2908 2742 2983 semper,
2806 2908 2947 2958 non
2994 2905 3161 2957 casu
3181 2938 3202 2970 ,
3252 2904 3393 2955 non
3434 2878 3754 2970 fortuito,
3802 2904 3947 2955 non
3984 2882 4129 2981 opi·

1074 3003 1282 3079 nione
1339 3004 1492 3078 iura
1545 3003 1876 3079 constitui
1931 3010 2004 3079 et
2059 3002 2368 3092 definiri,
2437 3012 2509 3078 et
2563 3003 2751 3103 quod
2806 3001 3052 3077 multis
3102 2999 3272 3076 iuris
3316 2997 3577 3099 regulis
3624 3005 3697 3074 et
3744 2997 4091 3076 institutis
4108 3058 4130 3090 ,

1079 3148 1261 3223 quae
1311 3123 1658 3223 praesenti
1703 3123 1952 3211 aetati,
2005 3122 2184 3196 vitae
2223 3120 2441 3196 civilis
2486 3121 2799 3196 excultae
2843 3119 3095 3220 gradui
3142 3121 3215 3196 in
3262 3143 3473 3220 quem
3514 3119 3655 3194 iam
3705 3127 3855 3194 erat
3896 3145 4130 3197 ascen-

1077 3267 1234 3321 sum
1256 3300 1276 3331 ,
1326 3268 1466 3326 non
1519 3243 2012 3330 convenirent,
2064 3241 2197 3317 alia
2247 3241 2612 3316 substituit
2660 3240 2848 3316 hisce
2898 3243 3135 3316 minus
3182 3238 3665 3340 repugnantia.

1175 3362 1538 3448 Rationali,
1585 3363 1748 3438 huic
1817 3363 1992 3437 iuris
2056 3360 2393 3437 naturalis
2462 3361 2733 3436 scholae
2792 3361 3061 3461 primus
3128 3385 3202 3436 se
3268 3359 3595 3459 opposuit
3642 3358 4127 3435 celeberrimus

1075 3509 1302 3560 noco,
1365 3485 1547 3560 Iuris
1593 3483 1874 3584 positivi
1910 3484 2387 3558 auctoritatem
2411 3540 2432 3570 ,
2484 3507 2698 3580 quam
2738 3482 2859 3556 illa
2901 3491 3027 3556 aut
3064 3480 3417 3556 evertebat
3460 3486 3587 3554 aut
3627 3478 4123 3569 labefactabat,

1075 3603 1238 3678 viris
1301 3605 1642 3703 equisque
1709 3604 2090 3678 defendens
2148 3601 2278 3676 hoc
2343 3601 2663 3699 inprimis
2718 3601 3046 3702 urgebat,
3096 3626 3183 3676 ex
3236 3599 3463 3700 posito
3516 3599 3853 3700 principio
3901 3600 4122 3676 nullas
4200 3633 4211 3640 ·

1076 3722 1246 3797 iuris
1304 3725 1580 3823 regulas
1600 3782 1621 3813 ,
1686 3724 1880 3800 nulla
1948 3722 2118 3796 iuris
2189 3721 2513 3796 instituta
2574 3721 2827 3797 deduci
2895 3745 3121 3821 posse.
3222 3718 3651 3820 Principium
3703 3719 3889 3818 enim
3952 3720 4123 3796 illud

1073 3845 1536 3943 repugnantia
1599 3843 1960 3918 excludere
1981 3901 2002 3931 ,
2073 3841 2360 3918 minime
2426 3849 2661 3916 autem
2728 3840 3183 3941 congruentia
3246 3863 3503 3942 ponere
3560 3847 3687 3915 aut
3742 3841 4119 3931 affirmare,

1077 3987 1306 4061 neque
1361 3963 1534 4037 adeo
1599 3987 1820 4063 posse.
1926 3963 2001 4036 Si
2059 3988 2240 4063 quae
2293 3963 2513 4062 igitur
2556 3970 2857 4038 tractant
2900 3962 3019 4037 isti
3061 3960 3231 4036 iuris
3266 3959 3621 4035 naturalis
3664 3959 3979 4036 doctores
4014 3963 4117 4037 in-

1078 4083 1364 4172 stituta,
1425 4083 1484 4157 si
1540 4091 1714 4182 qu‘as
1765 4082 2052 4157 tradunt
2101 4083 2272 4156 iuris
2321 4083 2637 4181 regulas,
2686 4108 2769 4158 ea
2812 4081 3086 4170 omnia,
3134 4079 3374 4156 relicto
3424 4079 3568 4156 iam
3614 4087 3688 4156 et
3732 4079 3954 4158 invito
3994 4083 4109 4158 illo

1073 4195 1452 4301 principie,
1501 4203 1678 4276 clam
1735 4211 1808 4276 et
1857 4202 2100 4276 furtim
2139 4201 2423 4278 aliunde
2444 4260 2465 4290 ,
2516 4226 2601 4276 ex
2649 4202 2798 4276 iure
2842 4201 3161 4302 inprimis
3202 4200 3563 4288 Romano,
3611 4224 3739 4299 pro
3784 4201 4115 4302 cuiusque

1075 4321 1351 4398 desumi
1406 4322 1709 4411 arbitrio.
1811 4323 2063 4420 Itaque
2114 4321 2265 4420 ipse
2325 4322 2401 4394 in
2454 4346 2662 4421 opere
2678 4379 2699 4410 ,
2752 4322 2943 4421 quod
2989 4322 3077 4395 de
3126 4320 3275 4396 iure
3318 4319 3620 4395 naturali
3668 4323 4113 4422 conscripsit,

1075 4467 1150 4517 sc
1201 4453 1520 4534 acturum
1569 4445 1936 4542 profitetur
1978 4443 2067 4518 de
2117 4441 2206 4515 iis
2223 4500 2244 4530 ,
2294 4465 2474 4540 quae
2514 4465 2603 4516 ex
2643 4441 2947 4516 rationis·
2973 4439 3358 4541 praeceptis
3402 4443 3587 4515 iusta
3630 4465 3780 4517 esse
3810 4447 4113 4544 possunt.

1071 4561 1282 4638 Varia
1337 4563 1678 4638 variarum
1736 4561 2056 4662 gentium
2109 4559 2264 4636 iura
2327 4571 2401 4636 et
2460 4560 2781 4637 instituta
2828 4584 3290 4662 persequens,
3352 4559 3618 4638 nullam
3664 4561 3739 4636 in
3790 4587 3869 4637 se
3916 4585 4113 4662 repu-

1054 4683 1430 4780 gnantiam
1475 4682 1824 4757 continere
1869 4680 2177 4756 ostendit
2217 4680 2479 4770 multa,
2531 4705 2711 4780 quae
2760 4681 3165 4756 adversariis
3216 4679 3379 4760 odio
3426 4681 3569 4756 sere
3615 4690 3854 4773 erant,
3900 4703 4115 4781 eaque

1075 4795 1332 4902 igitur,
1399 4800 1524 4875 ubi
1585 4801 1735 4877 iure
1803 4801 2098 4901 positivo
2147 4810 2383 4876 essent
2430 4809 2746 4902 recepta,
2792 4825 2945 4878 esse
2991 4799 3255 4878 tuenda
3302 4809 3377 4878 et
3420 4802 3777 4880 servanda.
3880 4803 3995 4878 Sic
4030 4824 4115 4876 eo
