<?xml version="1.0" encoding="UTF-8"?>
<!DOCTYPE html PUBLIC "-//W3C//DTD XHTML 1.0 Transitional//EN"
    "http://www.w3.org/TR/xhtml1/DTD/xhtml1-transitional.dtd">
<html xmlns="http://www.w3.org/1999/xhtml" xml:lang="en" lang="en">
 <head>
  <title>
</title>
<meta http-equiv="Content-Type" content="text/html;charset=utf-8" />
  <meta name='ocr-system' content='tesseract 3.04.00' />
  <meta name='ocr-capabilities' content='ocr_page ocr_carea ocr_par ocr_line ocrx_word'/>
</head>
<body>
  <div class='ocr_page' id='page_1' title='image "annalesacademic01confgoog_0139.png"; bbox 0 0 4730 6049; ppageno 0'>
   <div class='ocr_carea' id='block_1_1' title="bbox 1832 620 3644 694">
    <p class='ocr_par' dir='ltr' id='par_1_1' title="bbox 1832 620 3644 694">
     <span class='ocr_line' id='line_1_1' title="bbox 1832 620 3644 694; baseline 0.003 -5"><span class='ocrx_word' id='word_1_1' title='bbox 1832 620 2399 691; x_wconf 83' lang='lat' dir='ltr'>ORATIO.</span> <span class='ocrx_word' id='word_1_2' title='bbox 3513 624 3644 694; x_wconf 78' lang='lat'><strong>129</strong></span> 
     </span>
    </p>
   </div>
   <div class='ocr_carea' id='block_1_2' title="bbox 566 831 3644 1537">
    <p class='ocr_par' dir='ltr' id='par_1_2' title="bbox 570 831 3639 1054">
     <span class='ocr_line' id='line_1_2' title="bbox 572 831 3639 932; baseline 0 -23"><span class='ocrx_word' id='word_1_3' title='bbox 572 833 867 909; x_wconf 90' lang='lat' dir='ltr'><strong>cationis</strong></span> <span class='ocrx_word' id='word_1_4' title='bbox 926 832 1226 921; x_wconf 73' lang='lat' dir='ltr'><strong>illustria</strong></span> <span class='ocrx_word' id='word_1_5' title='bbox 1298 839 1753 911; x_wconf 84' lang='lat' dir='ltr'><strong>monumenta</strong></span> <span class='ocrx_word' id='word_1_6' title='bbox 1771 891 1792 922; x_wconf 91' lang='lat'><strong>,</strong></span> <span class='ocrx_word' id='word_1_7' title='bbox 1864 833 1990 907; x_wconf 91' lang='lat' dir='ltr'><strong>sed</strong></span> <span class='ocrx_word' id='word_1_8' title='bbox 2053 858 2293 908; x_wconf 88' lang='lat' dir='ltr'><strong>omnes</strong></span> <span class='ocrx_word' id='word_1_9' title='bbox 2312 890 2335 922; x_wconf 87' lang='lat'><em>,</em></span> <span class='ocrx_word' id='word_1_10' title='bbox 2402 831 2525 932; x_wconf 92' lang='lat' dir='ltr'><strong>qui</strong></span> <span class='ocrx_word' id='word_1_11' title='bbox 2587 854 2752 905; x_wconf 88' lang='lat' dir='ltr'><strong>eum</strong></span> <span class='ocrx_word' id='word_1_12' title='bbox 2793 836 3090 920; x_wconf 90' lang='lat' dir='ltr'><strong>norunt,</strong></span> <span class='ocrx_word' id='word_1_13' title='bbox 3157 836 3358 930; x_wconf 87' lang='lat' dir='ltr'><strong>grato</strong></span> <span class='ocrx_word' id='word_1_14' title='bbox 3407 831 3639 913; x_wconf 88' lang='lat' dir='ltr'><strong>animo</strong></span> 
     </span>
     <span class='ocr_line' id='line_1_3' title="bbox 570 936 3070 1054; baseline -0.001 -25"><span class='ocrx_word' id='word_1_15' title='bbox 570 954 829 1054; x_wconf 89' lang='lat' dir='ltr'><strong>piaque</strong></span> <span class='ocrx_word' id='word_1_16' title='bbox 877 955 1349 1031; x_wconf 82' lang='lat' dir='ltr'><strong>recordatione</strong></span> <span class='ocrx_word' id='word_1_17' title='bbox 1395 956 1471 1029; x_wconf 92' lang='lat' dir='ltr'><strong>in</strong></span> <span class='ocrx_word' id='word_1_18' title='bbox 1520 956 1671 1031; x_wconf 90' lang='lat' dir='ltr'><strong>eius</strong></span> <span class='ocrx_word' id='word_1_19' title='bbox 1720 951 1998 1029; x_wconf 87' lang='lat' dir='ltr'><strong>laudem</strong></span> <span class='ocrx_word' id='word_1_20' title='bbox 2046 958 2414 1027; x_wconf 79' lang='lat' dir='ltr'><strong>testantur.</strong></span> <span class='ocrx_word' id='word_1_21' title='bbox 3065 936 3070 943; x_wconf 54' lang='grc'>’</span> 
     </span>
    </p>

    <p class='ocr_par' dir='ltr' id='par_1_3' title="bbox 566 1071 3644 1537">
     <span class='ocr_line' id='line_1_4' title="bbox 667 1071 3635 1174; baseline -0.002 -19"><span class='ocrx_word' id='word_1_22' title='bbox 667 1077 1127 1174; x_wconf 82' lang='lat' dir='ltr'><strong>Quamquam</strong></span> <span class='ocrx_word' id='word_1_23' title='bbox 1168 1076 1507 1151; x_wconf 88' lang='lat' dir='ltr'><strong>maximas</strong></span> <span class='ocrx_word' id='word_1_24' title='bbox 1546 1075 1701 1151; x_wconf 90' lang='lat' dir='ltr'><strong>Deo</strong></span> <span class='ocrx_word' id='word_1_25' title='bbox 1740 1074 2031 1173; x_wconf 90' lang='lat' dir='ltr'><strong>eiusque</strong></span> <span class='ocrx_word' id='word_1_26' title='bbox 2072 1098 2277 1149; x_wconf 89' lang='lat' dir='ltr'><strong>curae</strong></span> <span class='ocrx_word' id='word_1_27' title='bbox 2323 1071 2602 1148; x_wconf 87' lang='lat' dir='ltr'><strong>tutelari</strong></span> <span class='ocrx_word' id='word_1_28' title='bbox 2645 1071 2934 1146; x_wconf 80' lang='lat' dir='ltr'>reddere</span> <span class='ocrx_word' id='word_1_29' title='bbox 2974 1071 3234 1171; x_wconf 83' lang='lat' dir='ltr'><strong>gratias</strong></span> <span class='ocrx_word' id='word_1_30' title='bbox 3280 1096 3408 1149; x_wconf 89' lang='lat' dir='ltr'><strong>nos</strong></span> <span class='ocrx_word' id='word_1_31' title='bbox 3437 1098 3635 1174; x_wconf 90' lang='lat' dir='ltr'><strong>opor-</strong></span> 
     </span>
     <span class='ocr_line' id='line_1_5' title="bbox 566 1191 3641 1295; baseline -0.001 -22"><span class='ocrx_word' id='word_1_32' title='bbox 566 1198 717 1285; x_wconf 83' lang='lat' dir='ltr'><strong>tet,</strong></span> <span class='ocrx_word' id='word_1_33' title='bbox 765 1196 960 1295; x_wconf 92' lang='lat' dir='ltr'><strong>quod</strong></span> <span class='ocrx_word' id='word_1_34' title='bbox 1007 1195 1455 1272; x_wconf 86' lang='lat' dir='ltr'><strong>infestissima</strong></span> <span class='ocrx_word' id='word_1_35' title='bbox 1506 1196 1657 1271; x_wconf 87' lang='lat' dir='ltr'><strong>lues</strong></span> <span class='ocrx_word' id='word_1_36' title='bbox 1676 1254 1697 1285; x_wconf 91' lang='lat'>,</span> <span class='ocrx_word' id='word_1_37' title='bbox 1750 1219 1929 1295; x_wconf 89' lang='lat' dir='ltr'><strong>quae</strong></span> <span class='ocrx_word' id='word_1_38' title='bbox 1972 1194 2337 1292; x_wconf 89' lang='lat' dir='ltr'><strong>hucusque</strong></span> <span class='ocrx_word' id='word_1_39' title='bbox 2383 1217 2626 1267; x_wconf 90' lang='lat' dir='ltr'><strong>omnes</strong></span> <span class='ocrx_word' id='word_1_40' title='bbox 2664 1191 3012 1268; x_wconf 86' lang='lat' dir='ltr'><strong>humanae</strong></span> <span class='ocrx_word' id='word_1_41' title='bbox 3055 1193 3380 1273; x_wconf 76' lang='lat' dir='ltr'><strong>scientiae</strong></span> <span class='ocrx_word' id='word_1_42' title='bbox 3424 1202 3641 1294; x_wconf 87' lang='lat' dir='ltr'><strong>atque</strong></span> 
     </span>
     <span class='ocr_line' id='line_1_6' title="bbox 569 1313 3644 1414; baseline 0 -22"><span class='ocrx_word' id='word_1_43' title='bbox 569 1316 739 1392; x_wconf 84' lang='lat' dir='ltr'><strong>artis</strong></span> <span class='ocrx_word' id='word_1_44' title='bbox 802 1324 1099 1391; x_wconf 88' lang='lat' dir='ltr'><strong>conatus</strong></span> <span class='ocrx_word' id='word_1_45' title='bbox 1164 1316 1392 1393; x_wconf 88' lang='lat' dir='ltr'><strong>irritos</strong></span> <span class='ocrx_word' id='word_1_46' title='bbox 1458 1316 1808 1404; x_wconf 87' lang='lat' dir='ltr'><strong>reddidit,</strong></span> <span class='ocrx_word' id='word_1_47' title='bbox 1887 1314 2183 1414; x_wconf 89' lang='lat' dir='ltr'><strong>patriam</strong></span> <span class='ocrx_word' id='word_1_48' title='bbox 2256 1313 2644 1413; x_wconf 87' lang='lat' dir='ltr'><strong>urbemque</strong></span> <span class='ocrx_word' id='word_1_49' title='bbox 2711 1322 3020 1390; x_wconf 86' lang='lat' dir='ltr'><strong>nostram</strong></span> <span class='ocrx_word' id='word_1_50' title='bbox 3085 1315 3420 1391; x_wconf 89' lang='lat' dir='ltr'><strong>invadens</strong></span> <span class='ocrx_word' id='word_1_51' title='bbox 3437 1376 3458 1407; x_wconf 88' lang='lat'><em>,</em></span> <span class='ocrx_word' id='word_1_52' title='bbox 3535 1324 3644 1393; x_wconf 88' lang='lat' dir='ltr'><strong>tot</strong></span> 
     </span>
     <span class='ocr_line' id='line_1_7' title="bbox 568 1434 3640 1537; baseline 0.001 -26"><span class='ocrx_word' id='word_1_53' title='bbox 568 1434 923 1511; x_wconf 83' lang='lat' dir='ltr'><strong>carissima</strong></span> <span class='ocrx_word' id='word_1_54' title='bbox 986 1435 1323 1537; x_wconf 79' lang='lat' dir='ltr'><strong>iuvenum</strong></span> <span class='ocrx_word' id='word_1_55' title='bbox 1388 1437 1615 1537; x_wconf 89' lang='lat' dir='ltr'><strong>capita</strong></span> <span class='ocrx_word' id='word_1_56' title='bbox 1658 1436 1919 1513; x_wconf 89' lang='lat' dir='ltr'><strong>intacta</strong></span> <span class='ocrx_word' id='word_1_57' title='bbox 1964 1434 2281 1535; x_wconf 85' lang='lat' dir='ltr'><strong>reliquit;</strong></span> <span class='ocrx_word' id='word_1_58' title='bbox 2352 1434 2556 1510; x_wconf 89' lang='lat' dir='ltr'><strong>binos</strong></span> <span class='ocrx_word' id='word_1_59' title='bbox 2604 1442 2840 1511; x_wconf 87' lang='lat' dir='ltr'><strong>tamen</strong></span> <span class='ocrx_word' id='word_1_60' title='bbox 2887 1436 3112 1512; x_wconf 88' lang='lat' dir='ltr'><strong>bonae</strong></span> <span class='ocrx_word' id='word_1_61' title='bbox 3161 1436 3310 1535; x_wconf 89' lang='lat' dir='ltr'><strong>spei</strong></span> <span class='ocrx_word' id='word_1_62' title='bbox 3356 1437 3640 1513; x_wconf 85' lang='lat' dir='ltr'><strong>iuvenes</strong></span> 
     </span>
    </p>
   </div>
   <div class='ocr_carea' id='block_1_3' title="bbox 574 1559 3782 1657">
    <p class='ocr_par' dir='ltr' id='par_1_4' title="bbox 574 1559 3782 1657">
     <span class='ocr_line' id='line_1_8' title="bbox 574 1559 3782 1657; baseline 0.001 -26"><span class='ocrx_word' id='word_1_63' title='bbox 574 1579 994 1633; x_wconf 71' lang='lat' dir='ltr'><strong>Glsnnn&#39;rtm</strong></span> <span class='ocrx_word' id='word_1_64' title='bbox 1044 1580 1212 1631; x_wconf 56' lang='lat' dir='ltr'><strong>Nan</strong></span> <span class='ocrx_word' id='word_1_65' title='bbox 1280 1582 1587 1634; x_wconf 73' lang='lat' dir='ltr'>RYSWYK</span> <span class='ocrx_word' id='word_1_66' title='bbox 1654 1567 1727 1633; x_wconf 71' lang='lat' dir='ltr'><strong>et</strong></span> <span class='ocrx_word' id='word_1_67' title='bbox 1798 1579 2271 1633; x_wconf 71' lang='lat' dir='ltr'><strong>emmltmssm</strong></span> <span class='ocrx_word' id='word_1_68' title='bbox 2336 1580 2689 1632; x_wconf 74' lang='lat' dir='ltr'><strong>GARomm</strong></span> <span class='ocrx_word' id='word_1_69' title='bbox 2735 1579 3182 1633; x_wconf 70' lang='lat' dir='ltr'><strong>WANSLEVEN</strong></span> <span class='ocrx_word' id='word_1_70' title='bbox 3199 1616 3220 1647; x_wconf 89' lang='lat'><strong>,</strong></span> <span class='ocrx_word' id='word_1_71' title='bbox 3288 1582 3466 1657; x_wconf 68' lang='lat' dir='ltr'>quos</span> <span class='ocrx_word' id='word_1_72' title='bbox 3507 1559 3640 1639; x_wconf 74' lang='lat' dir='ltr'><strong>mi·</strong></span> <span class='ocrx_word' id='word_1_73' title='bbox 3777 1595 3782 1600; x_wconf 84' lang='grc'><em>·</em></span> 
     </span>
    </p>
   </div>
   <div class='ocr_carea' id='block_1_4' title="bbox 568 1668 3664 4907">
    <p class='ocr_par' dir='ltr' id='par_1_5' title="bbox 568 1668 3664 4907">
     <span class='ocr_line' id='line_1_9' title="bbox 572 1668 3642 1767; baseline 0.001 -16"><span class='ocrx_word' id='word_1_74' title='bbox 572 1676 763 1751; x_wconf 88' lang='lat' dir='ltr'><strong>nime</strong></span> <span class='ocrx_word' id='word_1_75' title='bbox 824 1668 1141 1753; x_wconf 79' lang='lat' dir='ltr'><strong>fulminis</strong></span> <span class='ocrx_word' id='word_1_76' title='bbox 1210 1677 1424 1753; x_wconf 89' lang='lat' dir='ltr'><strong>veluti</strong></span> <span class='ocrx_word' id='word_1_77' title='bbox 1460 1679 1657 1754; x_wconf 87' lang='lat' dir='ltr'><strong>&#39;ictus</strong></span> <span class='ocrx_word' id='word_1_78' title='bbox 1704 1678 1939 1753; x_wconf 89' lang='lat' dir='ltr'><strong>subito</strong></span> <span class='ocrx_word' id='word_1_79' title='bbox 1984 1676 2213 1767; x_wconf 86' lang='lat' dir='ltr'><strong>feriit,</strong></span> <span class='ocrx_word' id='word_1_80' title='bbox 2262 1676 2390 1751; x_wconf 91' lang='lat' dir='ltr'><strong>sed</strong></span> <span class='ocrx_word' id='word_1_81' title='bbox 2435 1676 2818 1753; x_wconf 88' lang='lat' dir='ltr'><strong>lentissima</strong></span> <span class='ocrx_word' id='word_1_82' title='bbox 2866 1677 3066 1753; x_wconf 82' lang='lat' dir='ltr'><strong>tabes</strong></span> <span class='ocrx_word' id='word_1_83' title='bbox 3086 1737 3105 1767; x_wconf 90' lang='lat'>,</span> <span class='ocrx_word' id='word_1_84' title='bbox 3172 1678 3354 1753; x_wconf 84' lang='lat' dir='ltr'><strong>vitae</strong></span> <span class='ocrx_word' id='word_1_85' title='bbox 3397 1674 3642 1755; x_wconf 88' lang='lat' dir='ltr'><strong>florem</strong></span> 
     </span>
     <span class='ocr_line' id='line_1_10' title="bbox 570 1797 3640 1899; baseline 0.001 -26"><span class='ocrx_word' id='word_1_86' title='bbox 570 1798 901 1873; x_wconf 86' lang='lat' dir='ltr'><strong>arrodens</strong></span> <span class='ocrx_word' id='word_1_87' title='bbox 924 1856 944 1887; x_wconf 89' lang='lat'><em>,</em></span> <span class='ocrx_word' id='word_1_88' title='bbox 990 1799 1414 1888; x_wconf 86' lang='lat' dir='ltr'><strong>consumsit,</strong></span> <span class='ocrx_word' id='word_1_89' title='bbox 1460 1807 1895 1899; x_wconf 88' lang='lat' dir='ltr'><strong>praematura</strong></span> <span class='ocrx_word' id='word_1_90' title='bbox 1942 1804 2165 1874; x_wconf 88' lang='lat' dir='ltr'><strong>morte</strong></span> <span class='ocrx_word' id='word_1_91' title='bbox 2212 1804 2323 1891; x_wconf 92' lang='lat' dir='ltr'><strong>(ut</strong></span> <span class='ocrx_word' id='word_1_92' title='bbox 2364 1822 2493 1872; x_wconf 88' lang='lat' dir='ltr'><strong>nos</strong></span> <span class='ocrx_word' id='word_1_93' title='bbox 2538 1797 3036 1873; x_wconf 90' lang='lat' dir='ltr'><strong>homunciones</strong></span> <span class='ocrx_word' id='word_1_94' title='bbox 3073 1797 3268 1897; x_wconf 91' lang='lat' dir='ltr'><strong>loqui</strong></span> <span class='ocrx_word' id='word_1_95' title='bbox 3309 1800 3640 1893; x_wconf 89' lang='lat' dir='ltr'><strong>solemus)</strong></span> 
     </span>
     <span class='ocr_line' id='line_1_11' title="bbox 572 1918 3640 2018; baseline 0 -26"><span class='ocrx_word' id='word_1_96' title='bbox 572 1918 1012 2018; x_wconf 88' lang='lat' dir='ltr'><strong>parentibus,</strong></span> <span class='ocrx_word' id='word_1_97' title='bbox 1061 1919 1413 2018; x_wconf 86' lang='lat' dir='ltr'><strong>cognatis,</strong></span> <span class='ocrx_word' id='word_1_98' title='bbox 1462 1919 2051 1996; x_wconf 83' lang='lat' dir='ltr'><strong>commilitonibus</strong></span> <span class='ocrx_word' id='word_1_99' title='bbox 2096 1920 2227 1994; x_wconf 92' lang='lat' dir='ltr'><strong>hoc</strong></span> <span class='ocrx_word' id='word_1_100' title='bbox 2266 1943 2450 1995; x_wconf 89' lang='lat' dir='ltr'><strong>anno</strong></span> <span class='ocrx_word' id='word_1_101' title='bbox 2495 1928 2766 2017; x_wconf 88' lang='lat' dir='ltr'><strong>ereptos</strong></span> <span class='ocrx_word' id='word_1_102' title='bbox 2819 1918 3154 1994; x_wconf 89' lang='lat' dir='ltr'><strong>dolemus.</strong></span> <span class='ocrx_word' id='word_1_103' title='bbox 3257 1918 3438 2007; x_wconf 86' lang='lat' dir='ltr'><strong>Qui,</strong></span> <span class='ocrx_word' id='word_1_104' title='bbox 3489 1919 3640 1993; x_wconf 90' lang='lat' dir='ltr'><strong>the-</strong></span> 
     </span>
     <span class='ocr_line' id='line_1_12' title="bbox 574 2034 3644 2138; baseline 0.001 -27"><span class='ocrx_word' id='word_1_105' title='bbox 574 2036 863 2137; x_wconf 87' lang='lat' dir='ltr'><strong>ologicis</strong></span> <span class='ocrx_word' id='word_1_106' title='bbox 904 2034 1155 2111; x_wconf 88' lang='lat' dir='ltr'><strong>studiis</strong></span> <span class='ocrx_word' id='word_1_107' title='bbox 1201 2036 1575 2127; x_wconf 89' lang='lat' dir='ltr'><strong>destinati,</strong></span> <span class='ocrx_word' id='word_1_108' title='bbox 1642 2038 1757 2115; x_wconf 86' lang='lat' dir='ltr'><strong>vix</strong></span> <span class='ocrx_word' id='word_1_109' title='bbox 1802 2038 2115 2113; x_wconf 88' lang='lat' dir='ltr'><strong>stadium</strong></span> <span class='ocrx_word' id='word_1_110' title='bbox 2164 2038 2668 2117; x_wconf 86' lang='lat' dir='ltr'><strong>Academicum</strong></span> <span class='ocrx_word' id='word_1_111' title='bbox 2714 2037 3009 2137; x_wconf 88' lang='lat' dir='ltr'><strong>ingressi</strong></span> <span class='ocrx_word' id='word_1_112' title='bbox 3030 2097 3052 2126; x_wconf 88' lang='lat'>,</span> <span class='ocrx_word' id='word_1_113' title='bbox 3112 2062 3274 2112; x_wconf 84' lang='lat' dir='ltr'><strong>mox</strong></span> <span class='ocrx_word' id='word_1_114' title='bbox 3321 2038 3644 2138; x_wconf 88' lang='lat' dir='ltr'><strong>langues-</strong></span> 
     </span>
     <span class='ocr_line' id='line_1_13' title="bbox 570 2156 3644 2258; baseline 0 -26"><span class='ocrx_word' id='word_1_115' title='bbox 570 2164 809 2233; x_wconf 81' lang='lat' dir='ltr'><strong>centes</strong></span> <span class='ocrx_word' id='word_1_116' title='bbox 871 2156 947 2231; x_wconf 91' lang='lat' dir='ltr'><strong>in</strong></span> <span class='ocrx_word' id='word_1_117' title='bbox 991 2164 1351 2255; x_wconf 89' lang='lat' dir='ltr'><strong>paternam</strong></span> <span class='ocrx_word' id='word_1_118' title='bbox 1404 2158 1695 2234; x_wconf 89' lang='lat' dir='ltr'><strong>domum</strong></span> <span class='ocrx_word' id='word_1_119' title='bbox 1734 2159 1989 2233; x_wconf 86' lang='lat' dir='ltr'><strong>reversi</strong></span> <span class='ocrx_word' id='word_1_120' title='bbox 2044 2168 2210 2235; x_wconf 90' lang='lat' dir='ltr'><strong>sunt</strong></span> <span class='ocrx_word' id='word_1_121' title='bbox 2228 2216 2248 2247; x_wconf 90' lang='lat'><em>,</em></span> <span class='ocrx_word' id='word_1_122' title='bbox 2288 2158 2538 2258; x_wconf 82' lang='lat' dir='ltr'><strong>ibique</strong></span> <span class='ocrx_word' id='word_1_123' title='bbox 2587 2182 2993 2258; x_wconf 89' lang='lat' dir='ltr'><strong>supremum</strong></span> <span class='ocrx_word' id='word_1_124' title='bbox 3013 2158 3364 2233; x_wconf 84' lang='lat' dir='ltr'><strong>·obierunt</strong></span> <span class='ocrx_word' id='word_1_125' title='bbox 3416 2157 3602 2233; x_wconf 90' lang='lat' dir='ltr'><strong>diem</strong></span> <span class='ocrx_word' id='word_1_126' title='bbox 3623 2216 3644 2249; x_wconf 89' lang='lat'>,</span> 
     </span>
     <span class='ocr_line' id='line_1_14' title="bbox 568 2276 3650 2377; baseline 0.001 -27"><span class='ocrx_word' id='word_1_127' title='bbox 568 2276 854 2376; x_wconf 87' lang='lat' dir='ltr'><strong>pietatis</strong></span> <span class='ocrx_word' id='word_1_128' title='bbox 867 2334 891 2365; x_wconf 89' lang='lat'>,</span> <span class='ocrx_word' id='word_1_129' title='bbox 961 2276 1239 2373; x_wconf 81' lang='lat' dir='ltr'><strong>virtutis</strong></span> <span class='ocrx_word' id='word_1_130' title='bbox 1260 2335 1281 2366; x_wconf 90' lang='lat'><em>,</em></span> <span class='ocrx_word' id='word_1_131' title='bbox 1344 2277 1599 2353; x_wconf 86' lang='lat' dir='ltr'><strong>amoris</strong></span> <span class='ocrx_word' id='word_1_132' title='bbox 1620 2336 1641 2369; x_wconf 88' lang='lat'>,</span> <span class='ocrx_word' id='word_1_133' title='bbox 1695 2279 2036 2355; x_wconf 87' lang='lat' dir='ltr'><strong>amicitiae</strong></span> <span class='ocrx_word' id='word_1_134' title='bbox 2080 2278 2488 2353; x_wconf 84' lang='lat' dir='ltr'><strong>memoriam</strong></span> <span class='ocrx_word' id='word_1_135' title='bbox 2535 2302 3012 2377; x_wconf 82' lang='lat' dir='ltr'><strong>magnumque</strong></span> <span class='ocrx_word' id='word_1_136' title='bbox 3063 2279 3176 2353; x_wconf 91' lang='lat' dir='ltr'><strong>sui</strong></span> <span class='ocrx_word' id='word_1_137' title='bbox 3227 2278 3650 2355; x_wconf 90' lang='lat' dir='ltr'><strong>desiderium</strong></span> 
     </span>
     <span class='ocr_line' id='line_1_15' title="bbox 568 2398 3648 2498; baseline 0 -25"><span class='ocrx_word' id='word_1_138' title='bbox 568 2398 643 2473; x_wconf 88' lang='lat' dir='ltr'><strong>in</strong></span> <span class='ocrx_word' id='word_1_139' title='bbox 708 2405 1085 2497; x_wconf 87' lang='lat' dir='ltr'><strong>parentum</strong></span> <span class='ocrx_word' id='word_1_140' title='bbox 1155 2404 1229 2471; x_wconf 90' lang='lat' dir='ltr'><strong>et</strong></span> <span class='ocrx_word' id='word_1_141' title='bbox 1278 2398 1657 2475; x_wconf 88' lang='lat' dir='ltr'><strong>amicorum</strong></span> <span class='ocrx_word' id='word_1_142' title='bbox 1710 2399 1959 2473; x_wconf 87' lang='lat' dir='ltr'><strong>animis</strong></span> <span class='ocrx_word' id='word_1_143' title='bbox 2002 2398 2495 2498; x_wconf 83' lang='lat' dir='ltr'><strong>relinquentes,</strong></span> <span class='ocrx_word' id='word_1_144' title='bbox 2596 2398 2988 2473; x_wconf 88' lang='lat' dir='ltr'><strong>Audivistis</strong></span> <span class='ocrx_word' id='word_1_145' title='bbox 3044 2398 3234 2473; x_wconf 87' lang='lat' dir='ltr'><strong>illam</strong></span> <span class='ocrx_word' id='word_1_146' title='bbox 3255 2456 3277 2488; x_wconf 89' lang='lat'><em>,</em></span> <span class='ocrx_word' id='word_1_147' title='bbox 3345 2398 3648 2475; x_wconf 87' lang='lat' dir='ltr'><strong>mortali-</strong></span> 
     </span>
     <span class='ocr_line' id='line_1_16' title="bbox 570 2517 3652 2618; baseline 0.001 -25"><span class='ocrx_word' id='word_1_148' title='bbox 570 2518 735 2593; x_wconf 86' lang='lat' dir='ltr'><strong>tatis</strong></span> <span class='ocrx_word' id='word_1_149' title='bbox 784 2542 909 2593; x_wconf 88' lang='lat' dir='ltr'><strong>vos</strong></span> <span class='ocrx_word' id='word_1_150' title='bbox 954 2517 1445 2595; x_wconf 89' lang='lat' dir='ltr'><strong>admonentem</strong></span> <span class='ocrx_word' id='word_1_151' title='bbox 1471 2577 1492 2608; x_wconf 91' lang='lat'><strong>,</strong></span> <span class='ocrx_word' id='word_1_152' title='bbox 1560 2544 1797 2595; x_wconf 89' lang='lat' dir='ltr'><strong>vocem</strong></span> <span class='ocrx_word' id='word_1_153' title='bbox 1819 2580 1840 2610; x_wconf 90' lang='lat'><strong><em>,</em></strong></span> <span class='ocrx_word' id='word_1_154' title='bbox 1906 2520 2208 2595; x_wconf 88' lang='lat' dir='ltr'><strong>Iuvenes</strong></span> <span class='ocrx_word' id='word_1_155' title='bbox 2262 2518 2654 2593; x_wconf 85' lang='lat' dir='ltr'><strong>lectissimi!</strong></span> <span class='ocrx_word' id='word_1_156' title='bbox 2721 2518 2914 2593; x_wconf 89' lang='lat' dir='ltr'><strong>haud</strong></span> <span class='ocrx_word' id='word_1_157' title='bbox 2961 2543 3000 2593; x_wconf 91' lang='lat' dir='ltr'><strong>e</strong></span> <span class='ocrx_word' id='word_1_158' title='bbox 3047 2518 3430 2618; x_wconf 88' lang='lat' dir='ltr'><strong>longinquo</strong></span> <span class='ocrx_word' id='word_1_159' title='bbox 3452 2578 3473 2607; x_wconf 96' lang='lat'>,</span> <span class='ocrx_word' id='word_1_160' title='bbox 3525 2519 3652 2595; x_wconf 86' lang='lat' dir='ltr'><strong>sed</strong></span> 
     </span>
     <span class='ocr_line' id='line_1_17' title="bbox 572 2638 3654 2740; baseline 0 -27"><span class='ocrx_word' id='word_1_161' title='bbox 572 2662 611 2713; x_wconf 91' lang='lat' dir='ltr'>e</span> <span class='ocrx_word' id='word_1_162' title='bbox 676 2638 935 2715; x_wconf 82' lang='lat' dir='ltr'><strong>vicinia</strong></span> <span class='ocrx_word' id='word_1_163' title='bbox 982 2639 1385 2735; x_wconf 85' lang='lat' dir='ltr'><strong>loquentem</strong></span> <span class='ocrx_word' id='word_1_164' title='bbox 1435 2646 1507 2714; x_wconf 87' lang='lat' dir='ltr'><strong>et</strong></span> <span class='ocrx_word' id='word_1_165' title='bbox 1551 2638 1986 2717; x_wconf 80' lang='lat' dir='ltr'><strong>hortantem:</strong></span> <span class='ocrx_word' id='word_1_166' title='bbox 2055 2639 2321 2740; x_wconf 83' lang='lat' dir='ltr'><strong>Vigiles</strong></span> <span class='ocrx_word' id='word_1_167' title='bbox 2364 2647 2438 2711; x_wconf 90' lang='lat' dir='ltr'><strong>et</strong></span> <span class='ocrx_word' id='word_1_168' title='bbox 2480 2638 2738 2713; x_wconf 83' lang='lat' dir='ltr'><strong>alacres</strong></span> <span class='ocrx_word' id='word_1_169' title='bbox 2781 2640 3043 2713; x_wconf 90' lang='lat' dir='ltr'><strong>estote!</strong></span> <span class='ocrx_word' id='word_1_170' title='bbox 3113 2639 3410 2714; x_wconf 90' lang='lat' dir='ltr'><strong>Nullum</strong></span> <span class='ocrx_word' id='word_1_171' title='bbox 3457 2638 3654 2714; x_wconf 86' lang='lat' dir='ltr'><strong>vobis</strong></span> 
     </span>
     <span class='ocr_line' id='line_1_18' title="bbox 574 2756 3655 2859; baseline 0.001 -28"><span class='ocrx_word' id='word_1_172' title='bbox 574 2756 764 2833; x_wconf 89' lang='lat' dir='ltr'><strong>diem</strong></span> <span class='ocrx_word' id='word_1_173' title='bbox 832 2758 983 2833; x_wconf 87' lang='lat' dir='ltr'><strong>sine</strong></span> <span class='ocrx_word' id='word_1_174' title='bbox 1034 2758 1226 2833; x_wconf 89' lang='lat' dir='ltr'><strong>lucro</strong></span> <span class='ocrx_word' id='word_1_175' title='bbox 1269 2760 1769 2858; x_wconf 83' lang='lat' dir='ltr'><strong>praetervolare</strong></span> <span class='ocrx_word' id='word_1_176' title='bbox 1820 2760 2061 2836; x_wconf 86' lang='lat' dir='ltr'><strong>sinite!</strong></span> <span class='ocrx_word' id='word_1_177' title='bbox 2163 2761 2259 2835; x_wconf 88' lang='lat' dir='ltr'><strong>Et</strong></span> <span class='ocrx_word' id='word_1_178' title='bbox 2300 2758 2649 2859; x_wconf 90' lang='lat' dir='ltr'><strong>quidquid</strong></span> <span class='ocrx_word' id='word_1_179' title='bbox 2669 2810 2690 2848; x_wconf 87' lang='lat'><strong>-‚</strong></span> <span class='ocrx_word' id='word_1_180' title='bbox 2757 2784 2800 2833; x_wconf 96' lang='lat' dir='ltr'><strong>o</strong></span> <span class='ocrx_word' id='word_1_181' title='bbox 2847 2758 3050 2835; x_wconf 88' lang='lat' dir='ltr'><strong>boni!</strong></span> <span class='ocrx_word' id='word_1_182' title='bbox 3153 2759 3229 2834; x_wconf 91' lang='lat' dir='ltr'><strong>in</strong></span> <span class='ocrx_word' id='word_1_183' title='bbox 3274 2759 3500 2858; x_wconf 90' lang='lat' dir='ltr'><strong>primo</strong></span> <span class='ocrx_word' id='word_1_184' title='bbox 3545 2758 3655 2833; x_wconf 88' lang='lat' dir='ltr'><strong>vel</strong></span> 
     </span>
     <span class='ocr_line' id='line_1_19' title="bbox 570 2871 3654 2979; baseline -0.001 -26"><span class='ocrx_word' id='word_1_185' title='bbox 570 2876 807 2953; x_wconf 90' lang='lat' dir='ltr'><strong>medio</strong></span> <span class='ocrx_word' id='word_1_186' title='bbox 874 2876 1381 2955; x_wconf 86' lang='lat' dir='ltr'><strong>adolescentiae</strong></span> <span class='ocrx_word' id='word_1_187' title='bbox 1438 2871 1635 2955; x_wconf 59' lang='lat' dir='ltr'><strong>flore&#39;</strong></span> <span class='ocrx_word' id='word_1_188' title='bbox 1658 2879 1881 2979; x_wconf 89' lang='lat' dir='ltr'><strong>agatis</strong></span> <span class='ocrx_word' id='word_1_189' title='bbox 1901 2938 1922 2969; x_wconf 92' lang='lat'><strong>,</strong></span> <span class='ocrx_word' id='word_1_190' title='bbox 1980 2880 2079 2953; x_wconf 88' lang='lat' dir='ltr'><strong>sic</strong></span> <span class='ocrx_word' id='word_1_191' title='bbox 2132 2878 2356 2977; x_wconf 88' lang='lat' dir='ltr'><strong>agatis</strong></span> <span class='ocrx_word' id='word_1_192' title='bbox 2377 2936 2398 2968; x_wconf 92' lang='lat'>,</span> <span class='ocrx_word' id='word_1_193' title='bbox 2471 2884 2552 2951; x_wconf 89' lang='lat' dir='ltr'><strong>ut</strong></span> <span class='ocrx_word' id='word_1_194' title='bbox 2601 2882 2673 2951; x_wconf 91' lang='lat' dir='ltr'><strong>et</strong></span> <span class='ocrx_word' id='word_1_195' title='bbox 2716 2877 2904 2953; x_wconf 84' lang='lat' dir='ltr'><strong>hunc</strong></span> <span class='ocrx_word' id='word_1_196' title='bbox 2954 2876 3336 2977; x_wconf 87' lang='lat' dir='ltr'><strong>respiciatis</strong></span> <span class='ocrx_word' id='word_1_197' title='bbox 3383 2876 3654 2953; x_wconf 85' lang='lat' dir='ltr'><strong>exitum</strong></span> 
     </span>
     <span class='ocr_line' id='line_1_20' title="bbox 573 2997 3652 3100; baseline 0 -27"><span class='ocrx_word' id='word_1_198' title='bbox 573 3004 647 3073; x_wconf 88' lang='lat' dir='ltr'><strong>et</strong></span> <span class='ocrx_word' id='word_1_199' title='bbox 710 2998 963 3074; x_wconf 86' lang='lat' dir='ltr'><strong>finem!</strong></span> <span class='ocrx_word' id='word_1_200' title='bbox 1036 3041 1141 3058; x_wconf 91' lang='lat'><strong>--</strong></span> <span class='ocrx_word' id='word_1_201' title='bbox 1200 3000 1297 3074; x_wconf 88' lang='lat' dir='ltr'><strong>Et</strong></span> <span class='ocrx_word' id='word_1_202' title='bbox 1360 3022 1591 3078; x_wconf 88' lang='lat' dir='ltr'><strong>nonne</strong></span> <span class='ocrx_word' id='word_1_203' title='bbox 1636 3024 1764 3078; x_wconf 89' lang='lat' dir='ltr'><strong>nos</strong></span> <span class='ocrx_word' id='word_1_204' title='bbox 1814 3000 2022 3078; x_wconf 88' lang='lat' dir='ltr'><strong>etiam</strong></span> <span class='ocrx_word' id='word_1_205' title='bbox 2042 3059 2065 3090; x_wconf 89' lang='lat'>,</span> <span class='ocrx_word' id='word_1_206' title='bbox 2132 2998 2458 3100; x_wconf 85' lang='lat' dir='ltr'><strong>Collegae</strong></span> <span class='ocrx_word' id='word_1_207' title='bbox 2503 2997 3110 3075; x_wconf 86' lang='lat' dir='ltr'><strong>aestumatissimi!</strong></span> <span class='ocrx_word' id='word_1_208' title='bbox 3179 3004 3458 3074; x_wconf 88' lang='lat' dir='ltr'><strong>tantum</strong></span> <span class='ocrx_word' id='word_1_209' title='bbox 3509 3020 3652 3076; x_wconf 86' lang='lat' dir='ltr'><strong>non</strong></span> 
     </span>
     <span class='ocr_line' id='line_1_21' title="bbox 572 3119 3655 3219; baseline 0.001 -25"><span class='ocrx_word' id='word_1_210' title='bbox 572 3143 817 3196; x_wconf 87' lang='lat' dir='ltr'><strong>omnes</strong></span> <span class='ocrx_word' id='word_1_211' title='bbox 833 3177 856 3209; x_wconf 86' lang='lat'><strong>,</strong></span> <span class='ocrx_word' id='word_1_212' title='bbox 924 3119 1001 3194; x_wconf 89' lang='lat' dir='ltr'><strong>in</strong></span> <span class='ocrx_word' id='word_1_213' title='bbox 1062 3119 1317 3195; x_wconf 87' lang='lat' dir='ltr'><strong>nostris</strong></span> <span class='ocrx_word' id='word_1_214' title='bbox 1383 3120 1489 3196; x_wconf 87' lang='lat' dir='ltr'><strong>vel</strong></span> <span class='ocrx_word' id='word_1_215' title='bbox 1552 3129 1949 3198; x_wconf 78' lang='lat' dir='ltr'><strong>nostrorum</strong></span> <span class='ocrx_word' id='word_1_216' title='bbox 2012 3120 2408 3196; x_wconf 88' lang='lat' dir='ltr'><strong>domesticis</strong></span> <span class='ocrx_word' id='word_1_217' title='bbox 2461 3121 2674 3196; x_wconf 88' lang='lat' dir='ltr'><strong>rebus</strong></span> <span class='ocrx_word' id='word_1_218' title='bbox 2720 3120 2996 3198; x_wconf 83' lang='lat' dir='ltr'><strong>fallaces</strong></span> <span class='ocrx_word' id='word_1_219' title='bbox 3045 3120 3410 3196; x_wconf 90' lang='lat' dir='ltr'><strong>hominum</strong></span> <span class='ocrx_word' id='word_1_220' title='bbox 3456 3145 3616 3219; x_wconf 82' lang='lat' dir='ltr'><strong>spes</strong></span> <span class='ocrx_word' id='word_1_221' title='bbox 3634 3180 3655 3211; x_wconf 90' lang='lat'>,</span> 
     </span>
     <span class='ocr_line' id='line_1_22' title="bbox 574 3239 3658 3342; baseline 0.001 -28"><span class='ocrx_word' id='word_1_222' title='bbox 574 3239 791 3315; x_wconf 91' lang='lat' dir='ltr'><strong>huius</strong></span> <span class='ocrx_word' id='word_1_223' title='bbox 830 3239 1083 3314; x_wconf 88' lang='lat' dir='ltr'><strong>mundi</strong></span> <span class='ocrx_word' id='word_1_224' title='bbox 1130 3265 1213 3334; x_wconf 83' lang='lat' dir='ltr'><strong>ac</strong></span> <span class='ocrx_word' id='word_1_225' title='bbox 1256 3242 1685 3318; x_wconf 87' lang='lat' dir='ltr'><strong>terrestrium</strong></span> <span class='ocrx_word' id='word_1_226' title='bbox 1731 3267 1963 3318; x_wconf 89' lang='lat' dir='ltr'><strong>rerum</strong></span> <span class='ocrx_word' id='word_1_227' title='bbox 2006 3241 2450 3342; x_wconf 87' lang='lat' dir='ltr'><strong>fragilitatem</strong></span> <span class='ocrx_word' id='word_1_228' title='bbox 2469 3298 2490 3331; x_wconf 89' lang='lat'>,</span> <span class='ocrx_word' id='word_1_229' title='bbox 2540 3241 2668 3316; x_wconf 85' lang='lat' dir='ltr'><strong>hoc</strong></span> <span class='ocrx_word' id='word_1_230' title='bbox 2713 3265 2897 3316; x_wconf 87' lang='lat' dir='ltr'><strong>anno</strong></span> <span class='ocrx_word' id='word_1_231' title='bbox 2929 3240 3195 3339; x_wconf 81' lang='lat' dir='ltr'><strong>experti</strong></span> <span class='ocrx_word' id='word_1_232' title='bbox 3229 3241 3522 3316; x_wconf 78' lang='lat' dir='ltr'><strong>sumus?</strong></span> <span class='ocrx_word' id='word_1_233' title='bbox 3559 3283 3658 3298; x_wconf 91' lang='lat'><em>-</em></span> 
     </span>
     <span class='ocr_line' id='line_1_23' title="bbox 574 3359 3659 3461; baseline -0.001 -25"><span class='ocrx_word' id='word_1_234' title='bbox 574 3360 685 3436; x_wconf 81' lang='lat' dir='ltr'><strong>Tu</strong></span> <span class='ocrx_word' id='word_1_235' title='bbox 702 3417 729 3450; x_wconf 92' lang='lat'><em>,</em></span> <span class='ocrx_word' id='word_1_236' title='bbox 779 3359 888 3436; x_wconf 89' lang='lat' dir='ltr'><strong>Cl.</strong></span> <span class='ocrx_word' id='word_1_237' title='bbox 914 3383 1321 3436; x_wconf 63' lang='lat' dir='ltr'><strong>nonnarum</strong></span> <span class='ocrx_word' id='word_1_238' title='bbox 1339 3419 1360 3450; x_wconf 90' lang='lat'><em>,</em></span> <span class='ocrx_word' id='word_1_239' title='bbox 1396 3385 1519 3461; x_wconf 85' lang='lat' dir='ltr'><strong>spe</strong></span> <span class='ocrx_word' id='word_1_240' title='bbox 1564 3362 1967 3440; x_wconf 88' lang='lat' dir='ltr'><strong>dulcissima</strong></span> <span class='ocrx_word' id='word_1_241' title='bbox 2012 3360 2365 3452; x_wconf 84' lang='lat' dir='ltr'><strong>excidisti,</strong></span> <span class='ocrx_word' id='word_1_242' title='bbox 2407 3367 2480 3437; x_wconf 87' lang='lat' dir='ltr'><strong>et</strong></span> <span class='ocrx_word' id='word_1_243' title='bbox 2519 3360 2681 3436; x_wconf 80' lang='lat' dir='ltr'><strong>Tibi</strong></span> <span class='ocrx_word' id='word_1_244' title='bbox 2729 3368 2803 3435; x_wconf 92' lang='lat' dir='ltr'><strong>et</strong></span> <span class='ocrx_word' id='word_1_245' title='bbox 2845 3361 3042 3436; x_wconf 86' lang='lat' dir='ltr'><strong>uxori</strong></span> <span class='ocrx_word' id='word_1_246' title='bbox 3079 3360 3313 3460; x_wconf 81' lang='lat' dir='ltr'><strong>luctus</strong></span> <span class='ocrx_word' id='word_1_247' title='bbox 3354 3367 3426 3435; x_wconf 89' lang='lat' dir='ltr'><strong>et</strong></span> <span class='ocrx_word' id='word_1_248' title='bbox 3465 3359 3659 3435; x_wconf 90' lang='lat' dir='ltr'><strong>dolor</strong></span> 
     </span>
     <span class='ocr_line' id='line_1_24' title="bbox 572 3479 3654 3588; baseline 0 -32"><span class='ocrx_word' id='word_1_249' title='bbox 572 3480 759 3556; x_wconf 82' lang='lat' dir='ltr'><strong>filiae</strong></span> <span class='ocrx_word' id='word_1_250' title='bbox 802 3489 1073 3556; x_wconf 82' lang='lat' dir='ltr'><strong>vestrae</strong></span> <span class='ocrx_word' id='word_1_251' title='bbox 1116 3480 1339 3558; x_wconf 90' lang='lat' dir='ltr'><strong>luctui</strong></span> <span class='ocrx_word' id='word_1_252' title='bbox 1384 3489 1455 3556; x_wconf 88' lang='lat' dir='ltr'><strong>et</strong></span> <span class='ocrx_word' id='word_1_253' title='bbox 1506 3483 1727 3558; x_wconf 87' lang='lat' dir='ltr'><strong>dolori</strong></span> <span class='ocrx_word' id='word_1_254' title='bbox 1770 3481 1927 3560; x_wconf 86' lang='lat' dir='ltr'><strong>fuit.</strong></span> <span class='ocrx_word' id='word_1_255' title='bbox 2026 3481 2311 3588; x_wconf 12' lang='lat' dir='ltr'><strong>Tu,‘01.</strong></span> <span class='ocrx_word' id='word_1_256' title='bbox 2342 3504 2614 3569; x_wconf 66' lang='lat' dir='ltr'><strong>vinna,</strong></span> <span class='ocrx_word' id='word_1_257' title='bbox 2659 3479 3070 3556; x_wconf 86' lang='lat' dir='ltr'><strong>fidissimam</strong></span> <span class='ocrx_word' id='word_1_258' title='bbox 3115 3503 3242 3581; x_wconf 90' lang='lat' dir='ltr'><strong>per</strong></span> <span class='ocrx_word' id='word_1_259' title='bbox 3282 3487 3386 3554; x_wconf 88' lang='lat' dir='ltr'><strong>tot</strong></span> <span class='ocrx_word' id='word_1_260' title='bbox 3435 3502 3654 3556; x_wconf 87' lang='lat' dir='ltr'><strong>annos</strong></span> 
     </span>
     <span class='ocr_line' id='line_1_25' title="bbox 574 3599 3654 3704; baseline -0.001 -26"><span class='ocrx_word' id='word_1_261' title='bbox 574 3603 759 3678; x_wconf 80' lang='lat' dir='ltr'><strong>vitae</strong></span> <span class='ocrx_word' id='word_1_262' title='bbox 816 3603 1075 3681; x_wconf 87' lang='lat' dir='ltr'><strong>sociam</strong></span> <span class='ocrx_word' id='word_1_263' title='bbox 1094 3661 1115 3693; x_wconf 92' lang='lat'>,</span> <span class='ocrx_word' id='word_1_264' title='bbox 1184 3605 1609 3680; x_wconf 83' lang='lat' dir='ltr'><strong>carissimam</strong></span> <span class='ocrx_word' id='word_1_265' title='bbox 1674 3605 2045 3704; x_wconf 87' lang='lat' dir='ltr'><strong>coniugem</strong></span> <span class='ocrx_word' id='word_1_266' title='bbox 2063 3662 2083 3693; x_wconf 89' lang='lat'><em>,</em></span> <span class='ocrx_word' id='word_1_267' title='bbox 2150 3603 2488 3703; x_wconf 88' lang='lat' dir='ltr'><strong>optimam</strong></span> <span class='ocrx_word' id='word_1_268' title='bbox 2536 3601 2918 3677; x_wconf 88' lang='lat' dir='ltr'><strong>liberorum</strong></span> <span class='ocrx_word' id='word_1_269' title='bbox 2969 3609 3264 3678; x_wconf 89' lang='lat' dir='ltr'><strong>matrem</strong></span> <span class='ocrx_word' id='word_1_270' title='bbox 3281 3659 3304 3690; x_wconf 87' lang='lat'><strong><em>,</em></strong></span> <span class='ocrx_word' id='word_1_271' title='bbox 3372 3599 3614 3676; x_wconf 82' lang='lat' dir='ltr'><strong>luxisti</strong></span> <span class='ocrx_word' id='word_1_272' title='bbox 3630 3659 3654 3690; x_wconf 90' lang='lat'>,</span> 
     </span>
     <span class='ocr_line' id='line_1_26' title="bbox 572 3721 3658 3824; baseline 0 -26"><span class='ocrx_word' id='word_1_273' title='bbox 572 3732 647 3798; x_wconf 89' lang='lat' dir='ltr'><strong>et</strong></span> <span class='ocrx_word' id='word_1_274' title='bbox 667 3782 688 3813; x_wconf 91' lang='lat'><strong>,</strong></span> <span class='ocrx_word' id='word_1_275' title='bbox 742 3747 1175 3823; x_wconf 86' lang='lat' dir='ltr'><strong>quamquam</strong></span> <span class='ocrx_word' id='word_1_276' title='bbox 1222 3750 1347 3824; x_wconf 89' lang='lat' dir='ltr'><strong>spe</strong></span> <span class='ocrx_word' id='word_1_277' title='bbox 1392 3750 1549 3800; x_wconf 88' lang='lat' dir='ltr'><strong>vere</strong></span> <span class='ocrx_word' id='word_1_278' title='bbox 1597 3725 1993 3800; x_wconf 89' lang='lat' dir='ltr'><strong>Christiana</strong></span> <span class='ocrx_word' id='word_1_279' title='bbox 2035 3731 2303 3799; x_wconf 89' lang='lat' dir='ltr'><strong>erectus</strong></span> <span class='ocrx_word' id='word_1_280' title='bbox 2353 3749 2434 3798; x_wconf 89' lang='lat' dir='ltr'><strong>ac</strong></span> <span class='ocrx_word' id='word_1_281' title='bbox 2483 3729 2914 3798; x_wconf 88' lang='lat' dir='ltr'><strong>sustentatus</strong></span> <span class='ocrx_word' id='word_1_282' title='bbox 2929 3780 2950 3811; x_wconf 89' lang='lat'><em>,</em></span> <span class='ocrx_word' id='word_1_283' title='bbox 3000 3721 3093 3796; x_wconf 88' lang='lat' dir='ltr'><strong>ad</strong></span> <span class='ocrx_word' id='word_1_284' title='bbox 3138 3745 3389 3821; x_wconf 89' lang='lat' dir='ltr'><strong>rogum</strong></span> <span class='ocrx_word' id='word_1_285' title='bbox 3433 3745 3658 3820; x_wconf 85' lang='lat' dir='ltr'><strong>usque</strong></span> 
     </span>
     <span class='ocr_line' id='line_1_27' title="bbox 574 3842 3662 3946; baseline 0 -28"><span class='ocrx_word' id='word_1_286' title='bbox 574 3844 821 3944; x_wconf 84' lang='lat' dir='ltr'><strong>lugere</strong></span> <span class='ocrx_word' id='word_1_287' title='bbox 850 3847 1135 3944; x_wconf 86' lang='lat' dir='ltr'><strong>perges!</strong></span> <span class='ocrx_word' id='word_1_288' title='bbox 1188 3845 1299 3919; x_wconf 82' lang='lat' dir='ltr'><strong>Tu</strong></span> <span class='ocrx_word' id='word_1_289' title='bbox 1318 3903 1339 3935; x_wconf 88' lang='lat'>‚</span> <span class='ocrx_word' id='word_1_290' title='bbox 1386 3846 1495 3922; x_wconf 85' lang='lat' dir='ltr'><strong>cl.</strong></span> <span class='ocrx_word' id='word_1_291' title='bbox 1535 3845 1867 3920; x_wconf 64' lang='lat' dir='ltr'><strong>mamas!</strong></span> <span class='ocrx_word' id='word_1_292' title='bbox 1908 3844 2291 3944; x_wconf 89' lang='lat' dir='ltr'><strong>plurimum</strong></span> <span class='ocrx_word' id='word_1_293' title='bbox 2318 3843 2776 3946; x_wconf 80' lang='lat' dir='ltr'><strong>venerandam</strong></span> <span class='ocrx_word' id='word_1_294' title='bbox 2821 3843 3067 3942; x_wconf 86' lang='lat' dir='ltr'><strong>tuique</strong></span> <span class='ocrx_word' id='word_1_295' title='bbox 3109 3842 3662 3920; x_wconf 82' lang='lat' dir='ltr'><strong>amantissimam</strong></span> 
     </span>
     <span class='ocr_line' id='line_1_28' title="bbox 574 3963 3660 4064; baseline -0.001 -24"><span class='ocrx_word' id='word_1_296' title='bbox 574 3972 881 4040; x_wconf 87' lang='lat' dir='ltr'><strong>matrem</strong></span> <span class='ocrx_word' id='word_1_297' title='bbox 900 4023 923 4054; x_wconf 91' lang='lat'><em>,</em></span> <span class='ocrx_word' id='word_1_298' title='bbox 997 3989 1211 4063; x_wconf 88' lang='lat' dir='ltr'><strong>quam</strong></span> <span class='ocrx_word' id='word_1_299' title='bbox 1263 3973 1619 4064; x_wconf 84' lang='lat' dir='ltr'><strong>tantopere</strong></span> <span class='ocrx_word' id='word_1_300' title='bbox 1671 3963 2103 4040; x_wconf 87' lang='lat' dir='ltr'><strong>venerabaris</strong></span> <span class='ocrx_word' id='word_1_301' title='bbox 2122 4023 2143 4054; x_wconf 90' lang='lat'><em>,</em></span> <span class='ocrx_word' id='word_1_302' title='bbox 2196 3972 2277 4040; x_wconf 89' lang='lat' dir='ltr'><strong>ut</strong></span> <span class='ocrx_word' id='word_1_303' title='bbox 2322 3964 2683 4064; x_wconf 88' lang='lat' dir='ltr'><strong>egregium</strong></span> <span class='ocrx_word' id='word_1_304' title='bbox 2729 3963 2882 4040; x_wconf 89' lang='lat' dir='ltr'><strong>aliis</strong></span> <span class='ocrx_word' id='word_1_305' title='bbox 2933 3963 3216 4063; x_wconf 85' lang='lat' dir='ltr'><strong>pictatis</strong></span> <span class='ocrx_word' id='word_1_306' title='bbox 3259 3965 3660 4064; x_wconf 88' lang='lat' dir='ltr'><strong>exemplum</strong></span> 
     </span>
     <span class='ocr_line' id='line_1_29' title="bbox 572 4083 3658 4184; baseline 0.001 -26"><span class='ocrx_word' id='word_1_307' title='bbox 572 4083 949 4184; x_wconf 88' lang='lat' dir='ltr'><strong>praeberes</strong></span> <span class='ocrx_word' id='word_1_308' title='bbox 969 4141 991 4173; x_wconf 88' lang='lat'><em>,</em></span> <span class='ocrx_word' id='word_1_309' title='bbox 1039 4083 1295 4160; x_wconf 82' lang='lat' dir='ltr'><strong>frustra</strong></span> <span class='ocrx_word' id='word_1_310' title='bbox 1345 4087 1641 4184; x_wconf 86' lang='lat' dir='ltr'><strong>quaeris.</strong></span> <span class='ocrx_word' id='word_1_311' title='bbox 1742 4085 1963 4161; x_wconf 88' lang='lat' dir='ltr'><strong>Vobis</strong></span> <span class='ocrx_word' id='word_1_312' title='bbox 1980 4145 2002 4174; x_wconf 88' lang='lat'>,</span> <span class='ocrx_word' id='word_1_313' title='bbox 2050 4084 2414 4160; x_wconf 88' lang='lat' dir='ltr'><strong>clarissimi</strong></span> <span class='ocrx_word' id='word_1_314' title='bbox 2461 4108 2844 4162; x_wconf 73' lang='lat' dir='ltr'><strong>orzoouna</strong></span> <span class='ocrx_word' id='word_1_315' title='bbox 2895 4093 2971 4159; x_wconf 83' lang='lat' dir='ltr'><strong>et</strong></span> <span class='ocrx_word' id='word_1_316' title='bbox 3021 4085 3399 4160; x_wconf 64' lang='lat' dir='ltr'><strong>nonnus!</strong></span> <span class='ocrx_word' id='word_1_317' title='bbox 3451 4084 3658 4160; x_wconf 87' lang='lat' dir='ltr'><strong>dilec-</strong></span> 
     </span>
     <span class='ocr_line' id='line_1_30' title="bbox 572 4203 3660 4294; baseline 0 -17"><span class='ocrx_word' id='word_1_318' title='bbox 572 4203 853 4278; x_wconf 86' lang='lat' dir='ltr'><strong>tissima</strong></span> <span class='ocrx_word' id='word_1_319' title='bbox 920 4227 1113 4278; x_wconf 87' lang='lat' dir='ltr'><strong>soror</strong></span> <span class='ocrx_word' id='word_1_320' title='bbox 1154 4213 1377 4280; x_wconf 90' lang='lat' dir='ltr'><strong>morte</strong></span> <span class='ocrx_word' id='word_1_321' title='bbox 1422 4206 1701 4283; x_wconf 87' lang='lat' dir='ltr'><strong>ademta</strong></span> <span class='ocrx_word' id='word_1_322' title='bbox 1747 4207 1889 4280; x_wconf 84' lang='lat' dir='ltr'><strong>est!</strong></span> <span class='ocrx_word' id='word_1_323' title='bbox 1992 4207 2142 4294; x_wconf 82' lang='lat' dir='ltr'><strong>Tu,</strong></span> <span class='ocrx_word' id='word_1_324' title='bbox 2214 4205 2590 4281; x_wconf 88' lang='lat' dir='ltr'><strong>clarissime</strong></span> <span class='ocrx_word' id='word_1_325' title='bbox 2643 4207 2966 4286; x_wconf 66' lang='lat' dir='ltr'><strong>nonus!</strong></span> <span class='ocrx_word' id='word_1_326' title='bbox 3037 4205 3152 4280; x_wconf 83' lang='lat' dir='ltr'><strong>vix</strong></span> <span class='ocrx_word' id='word_1_327' title='bbox 3196 4205 3335 4280; x_wconf 92' lang='lat' dir='ltr'><strong>huc</strong></span> <span class='ocrx_word' id='word_1_328' title='bbox 3382 4210 3660 4280; x_wconf 84' lang='lat' dir='ltr'><strong>vocatus</strong></span> 
     </span>
     <span class='ocr_line' id='line_1_31' title="bbox 576 4322 3656 4424; baseline -0.001 -26"><span class='ocrx_word' id='word_1_329' title='bbox 576 4347 733 4398; x_wconf 88' lang='lat' dir='ltr'><strong>eras</strong></span> <span class='ocrx_word' id='word_1_330' title='bbox 794 4324 909 4399; x_wconf 87' lang='lat' dir='ltr'><strong>vel</strong></span> <span class='ocrx_word' id='word_1_331' title='bbox 978 4323 1217 4400; x_wconf 81' lang='lat' dir='ltr'><strong>sedem</strong></span> <span class='ocrx_word' id='word_1_332' title='bbox 1276 4325 1460 4400; x_wconf 88' lang='lat' dir='ltr'><strong>inter</strong></span> <span class='ocrx_word' id='word_1_333' title='bbox 1519 4351 1647 4402; x_wconf 88' lang='lat' dir='ltr'><strong>nos</strong></span> <span class='ocrx_word' id='word_1_334' title='bbox 1705 4324 2153 4402; x_wconf 86' lang='lat' dir='ltr'><strong>collocaveras</strong></span> <span class='ocrx_word' id='word_1_335' title='bbox 2171 4383 2192 4414; x_wconf 90' lang='lat'><em>,</em></span> <span class='ocrx_word' id='word_1_336' title='bbox 2264 4350 2486 4424; x_wconf 89' lang='lat' dir='ltr'><strong>quum</strong></span> <span class='ocrx_word' id='word_1_337' title='bbox 2553 4324 2840 4401; x_wconf 87' lang='lat' dir='ltr'><strong>iteratae</strong></span> <span class='ocrx_word' id='word_1_338' title='bbox 2893 4324 3122 4404; x_wconf 88' lang='lat' dir='ltr'><strong>clades</strong></span> <span class='ocrx_word' id='word_1_339' title='bbox 3171 4323 3333 4398; x_wconf 82' lang='lat' dir='ltr'><strong>Tibi</strong></span> <span class='ocrx_word' id='word_1_340' title='bbox 3375 4322 3656 4420; x_wconf 89' lang='lat' dir='ltr'><strong>tuisque</strong></span> 
     </span>
     <span class='ocr_line' id='line_1_32' title="bbox 576 4439 3658 4546; baseline -0.001 -26"><span class='ocrx_word' id='word_1_341' title='bbox 576 4442 899 4544; x_wconf 85' lang='lat' dir='ltr'><strong>cognatis</strong></span> <span class='ocrx_word' id='word_1_342' title='bbox 945 4443 1446 4544; x_wconf 87' lang='lat' dir='ltr'><strong>infligerentur.</strong></span> <span class='ocrx_word' id='word_1_343' title='bbox 1535 4447 1707 4546; x_wconf 85' lang='lat' dir='ltr'><strong>Ipse</strong></span> <span class='ocrx_word' id='word_1_344' title='bbox 1750 4445 2101 4522; x_wconf 88' lang='lat' dir='ltr'><strong>carissimo</strong></span> <span class='ocrx_word' id='word_1_345' title='bbox 2148 4446 2473 4546; x_wconf 86' lang='lat' dir='ltr'><strong>mihique·</strong></span> <span class='ocrx_word' id='word_1_346' title='bbox 2511 4446 3077 4527; x_wconf 78' lang='lat' dir='ltr'><strong>coniunctissimo</strong></span> <span class='ocrx_word' id='word_1_347' title='bbox 3120 4444 3328 4520; x_wconf 89' lang='lat' dir='ltr'><strong>fratre</strong></span> <span class='ocrx_word' id='word_1_348' title='bbox 3371 4439 3658 4517; x_wconf 89' lang='lat' dir='ltr'><strong>orbatus</strong></span> 
     </span>
     <span class='ocr_line' id='line_1_33' title="bbox 580 4552 3656 4666; baseline -0.001 -28"><span class='ocrx_word' id='word_1_349' title='bbox 580 4587 765 4638; x_wconf 88' lang='lat' dir='ltr'><strong>sum.</strong></span> <span class='ocrx_word' id='word_1_350' title='bbox 836 4607 941 4624; x_wconf 86' lang='lat'><strong>-—</strong></span> <span class='ocrx_word' id='word_1_351' title='bbox 1006 4564 1371 4664; x_wconf 88' lang='lat' dir='ltr'><strong>Lugemus</strong></span> <span class='ocrx_word' id='word_1_352' title='bbox 1431 4552 1709 4642; x_wconf 86' lang='lat' dir='ltr'><strong>nostros</strong></span> <span class='ocrx_word' id='word_1_353' title='bbox 1755 4567 2121 4642; x_wconf 86' lang='lat' dir='ltr'><strong>defunctos</strong></span> <span class='ocrx_word' id='word_1_354' title='bbox 2169 4591 2299 4642; x_wconf 88' lang='lat' dir='ltr'><strong>nec</strong></span> <span class='ocrx_word' id='word_1_355' title='bbox 2343 4572 2580 4643; x_wconf 85' lang='lat' dir='ltr'><strong>tamen</strong></span> <span class='ocrx_word' id='word_1_356' title='bbox 2623 4592 2745 4642; x_wconf 86' lang='lat' dir='ltr'><strong>vos</strong></span> <span class='ocrx_word' id='word_1_357' title='bbox 2769 4625 2792 4656; x_wconf 88' lang='lat'>,</span> <span class='ocrx_word' id='word_1_358' title='bbox 2856 4592 2903 4642; x_wconf 93' lang='lat' dir='ltr'><strong>o</strong></span> <span class='ocrx_word' id='word_1_359' title='bbox 2947 4567 3103 4666; x_wconf 87' lang='lat' dir='ltr'><strong>piae</strong></span> <span class='ocrx_word' id='word_1_360' title='bbox 3152 4573 3225 4638; x_wconf 88' lang='lat' dir='ltr'><strong>et</strong></span> <span class='ocrx_word' id='word_1_361' title='bbox 3271 4587 3466 4638; x_wconf 89' lang='lat' dir='ltr'><strong>carae</strong></span> <span class='ocrx_word' id='word_1_362' title='bbox 3509 4561 3656 4637; x_wconf 90' lang='lat' dir='ltr'><strong>ani-</strong></span> 
     </span>
     <span class='ocr_line' id='line_1_34' title="bbox 578 4681 3662 4785; baseline 0 -27"><span class='ocrx_word' id='word_1_363' title='bbox 578 4685 775 4759; x_wconf 86' lang='lat' dir='ltr'><strong>mae!</strong></span> <span class='ocrx_word' id='word_1_364' title='bbox 850 4682 1031 4759; x_wconf 84' lang='lat' dir='ltr'><strong>votis</strong></span> <span class='ocrx_word' id='word_1_365' title='bbox 1093 4709 1177 4759; x_wconf 91' lang='lat' dir='ltr'><strong>ac</strong></span> <span class='ocrx_word' id='word_1_366' title='bbox 1221 4685 1545 4785; x_wconf 87' lang='lat' dir='ltr'><strong>precibus</strong></span> <span class='ocrx_word' id='word_1_367' title='bbox 1587 4686 1841 4762; x_wconf 90' lang='lat' dir='ltr'><strong>nostris</strong></span> <span class='ocrx_word' id='word_1_368' title='bbox 1883 4688 1963 4762; x_wconf 90' lang='lat' dir='ltr'><strong>in</strong></span> <span class='ocrx_word' id='word_1_369' title='bbox 2012 4689 2139 4764; x_wconf 87' lang='lat' dir='ltr'><strong>has</strong></span> <span class='ocrx_word' id='word_1_370' title='bbox 2186 4697 2404 4764; x_wconf 83' lang='lat' dir='ltr'><strong>terras</strong></span> <span class='ocrx_word' id='word_1_371' title='bbox 2445 4688 2879 4764; x_wconf 82' lang='lat' dir='ltr'><strong>revocamus!</strong></span> <span class='ocrx_word' id='word_1_372' title='bbox 2982 4684 3127 4760; x_wconf 90' lang='lat' dir='ltr'><strong>Vos</strong></span> <span class='ocrx_word' id='word_1_373' title='bbox 3175 4681 3544 4782; x_wconf 83' lang='lat' dir='ltr'><strong>appulistis</strong></span> <span class='ocrx_word' id='word_1_374' title='bbox 3581 4681 3662 4758; x_wconf 88' lang='lat' dir='ltr'><strong>in</strong></span> 
     </span>
     <span class='ocr_line' id='line_1_35' title="bbox 580 4802 3664 4907; baseline -0.001 -27"><span class='ocrx_word' id='word_1_375' title='bbox 580 4812 869 4903; x_wconf 89' lang='lat' dir='ltr'><strong>portum</strong></span> <span class='ocrx_word' id='word_1_376' title='bbox 885 4861 909 4892; x_wconf 91' lang='lat'><em>,</em></span> <span class='ocrx_word' id='word_1_377' title='bbox 976 4829 1126 4904; x_wconf 82' lang='lat' dir='ltr'><strong>quo</strong></span> <span class='ocrx_word' id='word_1_378' title='bbox 1170 4829 1337 4896; x_wconf 74' lang='lat' dir='ltr'><strong>nos,¹</strong></span> <span class='ocrx_word' id='word_1_379' title='bbox 1354 4807 1757 4907; x_wconf 58' lang='lat' dir='ltr'><strong>-sprocellosi</strong></span> <span class='ocrx_word' id='word_1_380' title='bbox 1804 4809 2017 4886; x_wconf 85' lang='lat' dir='ltr'><strong>maris</strong></span> <span class='ocrx_word' id='word_1_381' title='bbox 2062 4808 2398 4887; x_wconf 61' lang='lat' dir='ltr'><strong>fluetibus</strong></span> <span class='ocrx_word' id='word_1_382' title='bbox 2443 4807 2714 4896; x_wconf 81' lang='lat' dir='ltr'><strong>iactati,</strong></span> <span class='ocrx_word' id='word_1_383' title='bbox 2763 4805 2990 4902; x_wconf 73' lang='lat' dir='ltr'><strong>adbuc</strong></span> <span class='ocrx_word' id='word_1_384' title='bbox 3037 4803 3418 4882; x_wconf 79' lang='lat' dir='ltr'><strong>tendimus.</strong></span> <span class='ocrx_word' id='word_1_385' title='bbox 3516 4802 3664 4880; x_wconf 90' lang='lat' dir='ltr'><strong>Vos</strong></span> 
     </span>
    </p>
   </div>
  </div>
 </body>
</html>
