4730 6049
926 667 1013 736 12
1884 662 1965 734 A.
2030 663 2105 730 E.
2174 656 2518 728 smol*
2583 657 3024 728 THOMAS

924 873 1380 976 peccabatur,
1452 895 1685 974 neque
1751 869 1969 972 igitur
2034 867 2434 946 mirandum
2499 873 2828 944 eventum
2893 891 3034 942 non
3107 890 3380 969 semper
3440 867 3568 946 fini
3634 868 3986 970 proposito

928 993 1391 1096 respondisse.
1494 995 1687 1074 Quo
1724 991 1987 1068 factum
2049 998 2160 1066 est
2231 997 2315 1066 ut
2383 1014 2548 1066 mox
2617 988 2956 1070 rationem
3021 989 3158 1066 sibi
3202 990 3490 1067 reddere
3532 999 3984 1084 conarentur,

930 1137 1090 1205 cur,
1164 1114 1356 1214 quod
1436 1113 1572 1188 sibi
1638 1112 1715 1187 in
1781 1135 1923 1186 uno
1984 1134 2153 1186 casu
2215 1109 2618 1186 observasse
2670 1107 3070 1192 viderentur
3122 1133 3263 1185 non
3314 1109 3390 1185 in
3443 1110 3658 1187 altero
3705 1133 3988 1211 quoque

928 1231 1381 1334 reperiretur·
1456 1230 1547 1306 ad
1612 1253 1768 1306 eam
1832 1247 1983 1304 rem
2052 1252 2231 1327 opus
2294 1234 2446 1303 erat
2497 1227 2716 1304 varias
2762 1227 3335 1314 observationes
3314 1255 3389 1305 m
3448 1256 3672 1308 unum
3714 1231 3986 1332 colligi,

930 1353 1115 1428 inter
1178 1377 1257 1428 se
1316 1349 1699 1452 comparari
1762 1355 1843 1425 et
1902 1348 2333 1449 singularum
2397 1347 2923 1449 explicationem
2981 1349 3263 1449 quaeri,
3315 1351 3502 1426 unde
3545 1351 3802 1428 sensim
3841 1373 3988 1426 me·

934 1471 1202 1548 dicinae
1262 1471 1550 1547 scientia
1612 1476 1763 1546 orta
1830 1475 1937 1545 est
1984 1469 2059 1544 in
2105 1481 2247 1569 qua
2286 1468 2584 1546 creanda
2626 1494 2671 1545 a
2714 1469 3180 1570 peculiaribus
3225 1471 3318 1548 ad
3371 1471 3783 1548 universalia
3830 1495 3985 1572 pro·

932 1592 1130 1694 gredi
1196 1592 1575 1668 studebant
1624 1599 1694 1668 et
1740 1616 1781 1666 e
1819 1587 2358 1690 phaenomenis,
2411 1587 2670 1688 quibus
2728 1589 3003 1690 legibus
3051 1591 3364 1668 subiecta
3408 1599 3676 1682 essent,
3725 1590 3986 1667 elicere.

1030 1713 1203 1788 Post
1248 1713 1603 1788 inventam
1651 1710 2069 1786 medicinam
2115 1710 2434 1808 quaesita
2481 1717 2590 1785 est
2643 1711 2838 1788 ratio.
2937 1713 3191 1812 Neque
3249 1711 3530 1788 mirum.
3620 1711 3990 1786 Crescente

930 1839 1168 1906 tamen
1236 1831 1549 1908 doctrina
1610 1829 1761 1906 fieri
1834 1855 1979 1942 non
2045 1829 2279 1931 potuit
2329 1830 2502 1929 quin
2553 1829 2938 1906 identidem
2987 1839 3384 1932 appareret,
3432 1831 3990 1920 observationes,

935 1951 1198 2051 quibus
1235 1952 1413 2028 ratio
1459 1952 1799 2026 niteretur
1837 1958 1961 2027 aut
2004 1949 2444 2051 imperfectas
2482 1959 2606 2026 aut
2654 1976 2945 2028 numero
2985 1952 3344 2064 pauciores
3391 1959 3517 2028 aut
3556 1951 3763 2026 falsas
3801 1974 3990 2049 esse,

936 2095 1078 2170 quo
1126 2071 1389 2147 factum
1438 2079 1546 2148 est
1604 2076 1724 2162 nt,
1772 2071 1969 2146 novis
2022 2071 2235 2146 rebus
2283 2070 2622 2171 cognitiS,
2673 2080 2938 2148 veteres
2988 2071 3436 2172 hypotheses
3463 2071 3672 2148 abiici
3713 2093 3992 2146 necesse

935 2199 1154 2280 esset,
1205 2199 1417 2290 atque
1468 2190 1686 2291 igitur
1726 2191 2230 2291 intelligeretur
2272 2187 2632 2266 scientiam
2673 2199 3138 2293 comparatam
3179 2217 3625 2329 nequaquam
3671 2191 3991 2286 stabilem

936 2337 1108 2388 esse.
1208 2313 1355 2387 Res
1431 2313 1585 2414 ipsa
1654 2313 1941 2413 quidem
2006 2310 2181 2404 nihil
2225 2306 2394 2386 mali
2446 2310 2787 2402 habebat,
2837 2336 3040 2387 nam
3033 2297 3448 2388 aedificium
3495 2313 3696 2388 cuius
3741 2299 3990 2386 funda-

934 2442 1173 2510 menta
1217 2435 1420 2508 firma
1454 2457 1593 2508 non
1640 2441 1807 2508 sunt
1843 2433 2151 2521 diruere,
2190 2430 2396 2530 eique
2438 2431 2734 2507 alterum
2777 2432 3026 2507 melius
3061 2439 3136 2532 et
3171 2432 3488 2507 stabilius
3529 2432 3990 2521 substituere,

936 2554 1095 2653 quis
1137 2560 1244 2630 est
1292 2553 1416 2653 qui
1459 2553 1971 2653 reprehendat?
2072 2551 2213 2626 Sed
2256 2550 2637 2627 dolendum
2683 2560 2790 2627 est
2837 2521 3098 2628 multos
3145 2535 3494 2653 prioribus
3547 2553 3835 2642 seculis,
3885 2552 3990 2627 in-

933 2671 1213 2748 terdum
1262 2671 1469 2747 etiam
1522 2677 1759 2774 nostra
1810 2677 2073 2759 aetate,
2122 2693 2263 2744 ιιοιι
2310 2668 2389 2743 id
2435 2670 2661 2770 egisse
2701 2676 2784 2744 ut
2827 2678 2990 2748 ante
3030 2672 3264 2747 omnia
3307 2672 3764 2749 fundamenta
3804 2672 3992 2748 aedi·

932 2791 1073 2866 ficii
1140 2791 1475 2890 ampliora
1548 2763 1758 2891 atque
1820 2789 2123 2866 firmiora
2190 2765 2561 2864 redderent
2625 2790 2751 2866 sed
2817 2799 2899 2866 ut
2946 2792 3339 2868 aedificium
3387 2793 3658 2901 ipsum,
3709 2793 3772 2867 si
3821 2791 3996 2868 forte

934 2912 1170 2987 minus
1231 2910 1639 3010 pulchrum,
1705 2909 2083 2998 caducum,
2154 2909 2339 2984 iusto
2388 2910 2757 3009 angustius
2820 2911 3206 3006 videretur,
3256 2903 3616 3003 ornarent,
3669 2913 3998 3029 sarcirent

935 3031 1456 3130 amplificarent.
1558 3030 1879 3105 Graviter
1946 3028 2327 3104 dolendum
2401 3036 2510 3103 est
2571 3037 2766 3105 tanta
2823 3032 3157 3133 temporis
3213 3041 3284 3109 et
3331 3035 3686 3134 impensae
3733 3033 3996 3109 iactura

938 3150 1198 3226 multos
1256 3150 1344 3225 iis
1404 3149 1615 3226 rebus
1672 3148 2026 3225 studuisse
2085 3174 2302 3248 quaa,
2369 3148 2784 3249 cogitatione
2831 3152 3185 3243 adhibita,
3237 3154 3404 3229 satis
3454 3154 3652 3229 facile
3699 3160 3845 3229 erat
3887 3152 3992 3227 i‘n

938 3270 1249 3370 telligere
1308 3294 1537 3371 neque
1608 3270 1893 3347 stabiles
1940 3268 2087 3344 fore
2144 3292 2380 3367 neque
2426 3269 2778 3369 proposito
2821 3271 2948 3346 fini
2996 3296 3464 3373 responsuras.
3565 3274 3808 3349 Missis
3848 3296 3994 3349 am-

938 3389 1243 3489 bagibus
1262 3448 1283 3481 ,
1334 3396 1416 3463 ut
1456 3414 1602 3466 rem
1650 3416 1862 3490 quam
1908 3387 2416 3488 simplicissime
2453 3413 2870 3488 proponam,
2907 3394 3206 3492 graviter
3248 3393 3627 3470 dolendum
3668 3402 3776 3469 est
3813 3394 3996 3469 mul·

938 3518 1051 3586 tos
1103 3510 1408 3586 medicos
1468 3534 1671 3609 saepe
1712 3534 1785 3584 se
1838 3508 2118 3607 penitus
2166 3508 2259 3583 ad
2306 3508 2726 3608 hypotheses
2773 3517 2844 3584 et
2895 3511 3194 3588 theorias
3241 3514 3614 3589 contulisse
3663 3522 3736 3589 et
3775 3512 3996 3589 acutis

944 3630 1667 3730 argumentationibus
1728 3628 2191 3729 experientiae
2268 3628 2505 3703 minus
2573 3612 2844 3730 amplae
2912 3638 2983 3706 et
3038 3632 3384 3732 perfectae
3435 3633 3802 3709 subvenire
3849 3642 3994 3709 stu·

948 3749 1201 3825 duisse.
1302 3750 1443 3824 Hic
1490 3774 1679 3824 error.
1718 3749 1941 3824 multa
1986 3772 2111 3847 per
2152 3748 2427 3823 saecula
2467 3749 2718 3824 studiis
2765 3750 3073 3827 medicae
3119 3753 3252 3828 arti
3297 3752 3524 3828 obfuit
3573 3778 3799 3853 neque
3839 3779 3994 3829 eam

944 3868 1380 3968 disciplinam
1442 3868 1663 3943 firmis
1734 3867 1866 3941 niti
1935 3866 2412 3942 fundamentis
2479 3892 2728 3967 passus
2802 3878 2946 3960 est,
3023 3873 3214 3971 quod
3279 3873 3518 3950 adhuc
3563 3874 3817 3949 faceret
3861 3874 3998 3950 nisi

945 3988 1444 4065 recentioribus
1496 3987 1929 4086 temporibus
1973 3994 2155 4062 esset
2204 3987 2516 4063 abiectus
2535 4046 2556 4077 ,
2609 3989 2801 4087 quod
2843 3999 3049 4089 grato
3101 3992 3339 4069 animo
3383 3994 3802 4069 confitemur
3849 4018 3996 4070 sae-

948 4110 1105 4185 culo
1170 4109 1440 4184 decimo
1505 4108 1801 4208 septimo
1876 4114 1949 4182 et
2016 4106 2584 4206 duodevigesimo
2634 4117 3115 4207 praeparatum
3137 4169 3158 4200 ,
3225 4120 3461 4188 nostro
3521 4138 3678 4188 vero
3727 4114 3998 4189 confec-

948 4238 1106 4306 tum
1154 4254 1323 4306 esse.
1424 4228 1763 4302 Reditum
1800 4234 1913 4301 est·
1950 4226 2041 4302 ad
2080 4227 2626 4303 observationem
2669 4234 3028 4327 tamquam
3065 4231 3516 4331 praecipuum
3536 4292 3556 4323 ,
3606 4257 3696 4307 ne
3737 4234 3997 4324 dicam,

950 4349 1237 4424 unicum
1304 4347 1567 4423 fontem
1625 4346 1853 4422 omnis
1914 4346 2237 4421 firmioris
2286 4347 2702 4447 cognitionis
2747 4355 2818 4421 et
2882 4350 3192 4425 medicus
3251 4351 3518 4451 peritus
3537 4411 3557 4440 ,
3607 4360 3842 4428 nostra
3885 4376 3995 4428 ae·

948 4476 1093 4545 tate
1112 4528 1133 4559 ,
1182 4493 1323 4544 non
1372 4468 1567 4569 prius
1618 4466 1842 4543 morbi
1888 4466 2227 4569 rationem
2276 4467 2413 4542 sibi
2458 4468 2744 4544 reddere
2804 4470 3153 4561 studebit,
3202 4496 3432 4575 neque
3497 4473 4000 4549 medicamenta

943 4588 1404 4688 praescribet,
1466 4613 1677 4688 quam
1734 4586 1841 4661 his
1891 4584 2027 4661 sibi
2073 4586 2634 4687 respondendum
2683 4590 3150 4689 proposuerit:
3255 4591 3454 4670 Quid
3512 4616 3800 4692 possum
3871 4593 3996 4668 ob·

948 4733 1212 4784 servare
1260 4708 1335 4782 in
1384 4732 1665 4808 corpore
1719 4706 1931 4781 huius
1980 4708 2172 4809 aegri
2226 4730 2430 4782 curae
2486 4732 2682 4784 meae
2728 4710 3132 4787 commissi?
3231 4713 3397 4790 Qua
3439 4711 3514 4786 in
3563 4738 3638 4787 re
3685 4738 3766 4789 ea
3817 4738 3996 4813 quae

942 4828 1021 4903 in
1088 4850 1171 4904 eo
1235 4828 1524 4905 observo
1593 4827 1927 4904 differunt
1990 4828 2081 4904 ab
2145 4827 2233 4903 iis
2250 4885 2273 4918 ‚
2347 4852 2526 4927 quae
2587 4829 2660 4903 in
2725 4854 2892 4906 sano
2957 4831 3250 4907 inveniri
3298 4831 3699 4909 debebant?
3794 4836 3995 4915 >Quas
