4730 6049
2058 585 2335 654 ACTA
2405 587 2530 653 ΕΤ
2597 585 2971 654 GESTA.
3953 586 4040 653 37

2338 795 2428 869 A.
2487 795 2700 870 1860.

954 980 1137 1060 Die
1190 989 1275 1063 12
1336 1013 1429 1062 m.
1477 986 1797 1064 Ianuarii.
1904 987 2202 1062 Senatus
2268 988 2466 1087 luget
2527 989 2799 1064 obitum
2848 987 3001 1063 Viri
3048 987 3432 1064 Clarissimi
3481 1011 3552 1064 N.
3603 1013 3668 1063 e.
3713 1009 3914 1075 lustr,
3965 986 4040 1061 in

1328 1107 1684 1184 Facultate
1709 1107 2123 1208 Theologica
2140 1107 2554 1184 Professoris
2588 1108 2915 1185 ordinarii
2950 1109 3021 1184 d.
3053 1113 3144 1186 19
3168 1133 3260 1185 m.
3286 1107 3692 1184 Decembris
3729 1107 4038 1182 extincti.

1424 1228 1797 1305 Candidati
1847 1236 2145 1329 quatuor
2191 1228 2384 1329 apud
2437 1231 2706 1331 Regem
2763 1229 3047 1320 edendi,
3097 1254 3138 1304 e
3188 1228 3446 1328 quibus
3487 1229 3744 1305 Rector
3783 1225 4038 1302 consti-

1330 1355 1601 1439 tuatur,
1652 1348 2109 1450 designantur
2153 1347 2308 1422 Viri
2356 1348 2772 1425 Clarissimi:

2142 1493 2195 1545 1.
2248 1491 2347 1544 DE
2395 1493 2560 1544 wu.
2583 1528 2604 1558 ‚

2158 1614 2228 1666 A.
2281 1609 2617 1677 numm,

2148 1731 2212 1784 P.
2266 1733 2333 1784 L.
2387 1731 2641 1796 RIJKB,

2147 1854 2211 1904 c.
2265 1853 2335 1904 e.
2389 1851 2644 1903 coam.

1361 1995 1751 2087 Candidati,
1770 2023 1807 2073 e
1830 1997 2087 2097 quibus
2100 1998 2478 2076 Actuarius
2492 1999 2830 2074 creandus
2839 2006 2971 2088 est,
2993 1998 3446 2098 designantur
3455 1993 3992 2070 ViriClarissimi
4019 2026 4034 2065 z

2150 2144 2211 2195 s.
2263 2141 2690 2208 vrssmmw,

2150 2261 2227 2312 Η.
2281 2259 2776 2312 namnam-sna
2820 2259 2871 2313 1.
2921 2262 3026 2329 ru,

2150 2379 2202 2430 1.
2255 2379 2305 2431 1.
2360 2379 2576 2430 Parus
2597 2415 2618 2444 ,

2154 2498 2221 2550 Ρ.
2270 2499 2338 2553 1..
2393 2499 2632 2552 nun.

1020 2657 1151 2731 Die
1238 2659 1279 2732 2
1340 2683 1431 2736 m.
1500 2660 1886 2738 Februarii.
2008 2662 2371 2737 Recitatur
2447 2663 2803 2738 decretum
2877 2661 3152 2762 regium
3225 2662 3296 2736 d.
3351 2663 3444 2734 26
3525 2684 3620 2736 m.
3676 2660 3995 2735 Ianuarii
4016 2718 4036 2749 ‚

1330 2805 1467 2878 quo
1532 2781 1606 2856 in
1672 2806 1935 2857 annum
1988 2783 2386 2882 proximum
2451 2783 2706 2858 Rector
2758 2781 3182 2883 Magnificus
3225 2788 3498 2857 creatur
3547 2778 3673 2853 Vir
3720 2778 4034 2855 Clarissi-

1324 2925 1482 2978 mus
1529 2927 1581 2978 1.
1630 2925 1726 2976 nn
1768 2927 1955 2978 war..

1032 3090 1151 3167 Die
1234 3098 1271 3170 8
1331 3121 1421 3172 m.
1470 3096 1851 3181 Februarii.
1954 3098 2209 3175 Rector
2272 3100 2365 3175 ad
2427 3070 2766 3176 Senatum
2824 3096 3033 3174 refert
3095 3099 3168 3173 in
3219 3102 3564 3173 conventu
3615 3098 4033 3172 Curatorum
4141 3078 4148 3087 ’

1324 3212 1637 3292 Rectoris
1699 3217 2061 3317 Magnifici
2115 3226 2187 3293 et
2235 3219 2686 3296 Assessorum
2738 3218 3150 3295 Actuarium
3198 3219 3272 3293 in
3322 3238 3586 3293 annum
3637 3216 4032 3318 proximum

1332 3346 1636 3413 creatum
1691 3362 1840 3413 esse
1889 3337 2137 3414 Virum
2189 3339 2674 3416 Clarissimum
2723 3364 2782 3416 s,
2836 3359 3248 3415 vrssmuue.

1424 3458 1706 3532 Rectori
1752 3458 1989 3533 futuro
2028 3459 2432 3539 Assessores
2475 3460 2999 3534 constituuntur
3046 3459 3200 3533 viri
3245 3457 3659 3533 Clarissimi:

2160 3604 2210 3656 1.
2263 3604 2338 3656 Η.
2393 3602 2803 3669 senonum,

2150 3722 2213 3774 r.
2265 3722 2578 3787 xusmt,

2156 3842 2226 3893 ιι.
2280 3840 2345 3895 Ρ.
2398 3844 2468 3895 A.
2522 3842 2749 3907 nozr,

2152 3962 2228 4014 Η.
2280 3960 2775 4013 flammarent&
2824 3962 2875 4013 1.
2928 3936 3001 4015 r.

1430 4130 1684 4204 Rector
1724 4154 1885 4205 cum
1929 4131 2194 4207 Senatu
2236 4140 2308 4207 et
2348 4132 2634 4232 reliquis
2669 4131 3170 4233 professoribus
3204 4133 3279 4207 in
3321 4134 3548 4211 maius
3585 4129 4034 4209 Auditorium

1338 4248 1747 4325 Academiae
1795 4250 2155 4327 descendit
2201 4260 2273 4327 et
2318 4278 2404 4329 ex
2451 4253 2780 4328 cathedra
2821 4254 3202 4329 orationem
3246 4254 3460 4329 habet
3495 4258 3580 4329 de
3615 4251 4038 4349 eaperimtia

1340 4362 1579 4445 medico
1631 4396 1965 4471 perquam
2026 4376 2433 4449 necessaria.
2534 4374 2708 4447 Mox
2757 4372 3090 4449 enarratis
3137 4373 3300 4449 fatis
3347 4370 3764 4449 Academiae
3811 4366 4031 4441 solen-

1340 4487 1541 4564 nibus
1566 4491 1819 4565 .verbis
1862 4491 2349 4590 magistratum
2398 4492 2706 4592 deponit.

1431 4610 1715 4685 Novum
1764 4611 2130 4687 Rectorem
2178 4612 2638 4713 Magnificum
2690 4611 3122 4689 Professores
3164 4609 3522 4685 deducunt
3572 4614 3642 4682 et
3685 4601 4032 4681 officiosis-

1324 4725 1503 4803 sime
1552 4729 1877 4808 salutant.
