<?xml version="1.0" encoding="UTF-8"?>
<!DOCTYPE html PUBLIC "-//W3C//DTD XHTML 1.0 Transitional//EN"
    "http://www.w3.org/TR/xhtml1/DTD/xhtml1-transitional.dtd">
<html xmlns="http://www.w3.org/1999/xhtml" xml:lang="en" lang="en">
 <head>
  <title>
</title>
<meta http-equiv="Content-Type" content="text/html;charset=utf-8" />
  <meta name='ocr-system' content='tesseract 3.04.00' />
  <meta name='ocr-capabilities' content='ocr_page ocr_carea ocr_par ocr_line ocrx_word'/>
</head>
<body>
  <div class='ocr_page' id='page_1' title='image "annalesacademic01confgoog_0175.png"; bbox 0 0 4730 6049; ppageno 0'>
   <div class='ocr_carea' id='block_1_1' title="bbox 1838 580 3644 652">
    <p class='ocr_par' dir='ltr' id='par_1_1' title="bbox 1838 580 3644 652">
     <span class='ocr_line' id='line_1_1' title="bbox 1838 580 3644 652; baseline 0.002 -5"><span class='ocrx_word' id='word_1_1' title='bbox 1838 580 2399 652; x_wconf 80' lang='lat' dir='ltr'>ORATIO.</span> <span class='ocrx_word' id='word_1_2' title='bbox 3517 583 3644 651; x_wconf 86' lang='lat'>165</span> 
     </span>
    </p>
   </div>
   <div class='ocr_carea' id='block_1_2' title="bbox 476 787 3636 879">
    <p class='ocr_par' dir='ltr' id='par_1_2' title="bbox 476 787 3636 879">
     <span class='ocr_line' id='line_1_2' title="bbox 476 787 3636 879; baseline 0.001 -17"><span class='ocrx_word' id='word_1_3' title='bbox 476 856 480 861; x_wconf 89' lang='lat'><em>.</em></span> <span class='ocrx_word' id='word_1_4' title='bbox 589 796 875 866; x_wconf 84' lang='lat' dir='ltr'>constat.</span> <span class='ocrx_word' id='word_1_5' title='bbox 978 791 1183 869; x_wconf 84' lang='lat' dir='ltr'>Quae</span> <span class='ocrx_word' id='word_1_6' title='bbox 1250 789 1312 865; x_wconf 88' lang='lat' dir='ltr'>si</span> <span class='ocrx_word' id='word_1_7' title='bbox 1374 814 1415 864; x_wconf 91' lang='lat' dir='ltr'>a</span> <span class='ocrx_word' id='word_1_8' title='bbox 1476 811 1589 864; x_wconf 88' lang='lat' dir='ltr'>me</span> <span class='ocrx_word' id='word_1_9' title='bbox 1642 812 1877 864; x_wconf 85' lang='lat' dir='ltr'>revera</span> <span class='ocrx_word' id='word_1_10' title='bbox 1918 788 1993 863; x_wconf 89' lang='lat' dir='ltr'>in</span> <span class='ocrx_word' id='word_1_11' title='bbox 2038 789 2396 865; x_wconf 77' lang='lat' dir='ltr'><strong>historiam</strong></span> <span class='ocrx_word' id='word_1_12' title='bbox 2443 787 2835 864; x_wconf 83' lang='lat' dir='ltr'>referuntur</span> <span class='ocrx_word' id='word_1_13' title='bbox 2853 847 2874 878; x_wconf 91' lang='lat'><em>,</em></span> <span class='ocrx_word' id='word_1_14' title='bbox 2929 812 3014 863; x_wconf 84' lang='lat' dir='ltr'>ex</span> <span class='ocrx_word' id='word_1_15' title='bbox 3063 789 3364 865; x_wconf 88' lang='lat' dir='ltr'>censoris</span> <span class='ocrx_word' id='word_1_16' title='bbox 3407 789 3594 865; x_wconf 86' lang='lat' dir='ltr'>illius</span> <span class='ocrx_word' id='word_1_17' title='bbox 3618 850 3636 879; x_wconf 93' lang='lat'>‚</span> 
     </span>
    </p>
   </div>
   <div class='ocr_carea' id='block_1_3' title="bbox 588 907 3702 3994">
    <p class='ocr_par' dir='ltr' id='par_1_3' title="bbox 588 907 3640 1128">
     <span class='ocr_line' id='line_1_3' title="bbox 591 907 3640 1011; baseline 0 -26"><span class='ocrx_word' id='word_1_18' title='bbox 591 909 711 985; x_wconf 81' lang='lat' dir='ltr'>viri</span> <span class='ocrx_word' id='word_1_19' title='bbox 776 910 1241 1009; x_wconf 81' lang='lat' dir='ltr'>sagacissimi,</span> <span class='ocrx_word' id='word_1_20' title='bbox 1295 908 1641 985; x_wconf 87' lang='lat' dir='ltr'>sententia</span> <span class='ocrx_word' id='word_1_21' title='bbox 1657 965 1679 997; x_wconf 87' lang='lat'>,</span> <span class='ocrx_word' id='word_1_22' title='bbox 1730 907 1840 983; x_wconf 88' lang='lat' dir='ltr'>vel</span> <span class='ocrx_word' id='word_1_23' title='bbox 1886 908 2163 984; x_wconf 89' lang='lat' dir='ltr'>libidini</span> <span class='ocrx_word' id='word_1_24' title='bbox 2206 934 2321 985; x_wconf 90' lang='lat' dir='ltr'>me</span> <span class='ocrx_word' id='word_1_25' title='bbox 2373 910 2645 984; x_wconf 82' lang='lat' dir='ltr'>tradam</span> <span class='ocrx_word' id='word_1_26' title='bbox 2699 934 2978 985; x_wconf 88' lang='lat' dir='ltr'>necesse</span> <span class='ocrx_word' id='word_1_27' title='bbox 3023 917 3170 998; x_wconf 86' lang='lat' dir='ltr'>est,</span> <span class='ocrx_word' id='word_1_28' title='bbox 3236 910 3344 985; x_wconf 87' lang='lat' dir='ltr'>vel</span> <span class='ocrx_word' id='word_1_29' title='bbox 3393 910 3640 1011; x_wconf 88' lang='lat' dir='ltr'>scepti-</span> 
     </span>
     <span class='ocr_line' id='line_1_4' title="bbox 588 1011 3502 1128; baseline 0 -23"><span class='ocrx_word' id='word_1_30' title='bbox 588 1029 799 1105; x_wconf 80' lang='lat' dir='ltr'>cismo</span> <span class='ocrx_word' id='word_1_31' title='bbox 821 1088 842 1118; x_wconf 95' lang='lat'>‚</span> <span class='ocrx_word' id='word_1_32' title='bbox 896 1028 1006 1104; x_wconf 86' lang='lat' dir='ltr'>vel</span> <span class='ocrx_word' id='word_1_33' title='bbox 1054 1029 1425 1105; x_wconf 87' lang='lat' dir='ltr'>fanatismo</span> <span class='ocrx_word' id='word_1_34' title='bbox 1440 1086 1462 1118; x_wconf 86' lang='lat'>,</span> <span class='ocrx_word' id='word_1_35' title='bbox 1510 1028 1653 1102; x_wconf 89' lang='lat' dir='ltr'>nisi</span> <span class='ocrx_word' id='word_1_36' title='bbox 1670 1086 1692 1116; x_wconf 93' lang='lat'><em>,</em></span> <span class='ocrx_word' id='word_1_37' title='bbox 1742 1028 1935 1126; x_wconf 92' lang='lat' dir='ltr'>quod</span> <span class='ocrx_word' id='word_1_38' title='bbox 1980 1027 2216 1117; x_wconf 88' lang='lat' dir='ltr'>addit,</span> <span class='ocrx_word' id='word_1_39' title='bbox 2266 1030 2524 1104; x_wconf 89' lang='lat' dir='ltr'>mentis</span> <span class='ocrx_word' id='word_1_40' title='bbox 2568 1052 2848 1128; x_wconf 86' lang='lat' dir='ltr'>compos</span> <span class='ocrx_word' id='word_1_41' title='bbox 2897 1054 3050 1104; x_wconf 87' lang='lat' dir='ltr'>esse</span> <span class='ocrx_word' id='word_1_42' title='bbox 3091 1029 3425 1105; x_wconf 82' lang='lat' dir='ltr'>desinam.</span> <span class='ocrx_word' id='word_1_43' title='bbox 3495 1011 3502 1019; x_wconf 44' lang='lat'><em>⁰</em></span> 
     </span>
    </p>

    <p class='ocr_par' dir='ltr' id='par_1_4' title="bbox 588 1147 3656 2806">
     <span class='ocr_line' id='line_1_5' title="bbox 614 1147 3642 1248; baseline 0.003 -31"><span class='ocrx_word' id='word_1_44' title='bbox 614 1210 619 1217; x_wconf 87' lang='lat'><strong>.</strong></span> <span class='ocrx_word' id='word_1_45' title='bbox 680 1148 883 1229; x_wconf 86' lang='lat' dir='ltr'>Quid</span> <span class='ocrx_word' id='word_1_46' title='bbox 932 1149 1153 1247; x_wconf 88' lang='lat' dir='ltr'>igitur</span> <span class='ocrx_word' id='word_1_47' title='bbox 1196 1148 1371 1223; x_wconf 88' lang='lat' dir='ltr'>mihi</span> <span class='ocrx_word' id='word_1_48' title='bbox 1416 1147 1719 1235; x_wconf 85' lang='lat' dir='ltr'>eveniet,</span> <span class='ocrx_word' id='word_1_49' title='bbox 1768 1147 1885 1222; x_wconf 90' lang='lat' dir='ltr'>cui</span> <span class='ocrx_word' id='word_1_50' title='bbox 1930 1147 2217 1223; x_wconf 87' lang='lat' dir='ltr'>minime</span> <span class='ocrx_word' id='word_1_51' title='bbox 2256 1148 2331 1223; x_wconf 91' lang='lat' dir='ltr'>in</span> <span class='ocrx_word' id='word_1_52' title='bbox 2379 1149 2614 1225; x_wconf 90' lang='lat' dir='ltr'>animo</span> <span class='ocrx_word' id='word_1_53' title='bbox 2657 1156 2766 1223; x_wconf 89' lang='lat' dir='ltr'>est</span> <span class='ocrx_word' id='word_1_54' title='bbox 2801 1172 3089 1247; x_wconf 83' lang='lat' dir='ltr'>negare,</span> <span class='ocrx_word' id='word_1_55' title='bbox 3141 1172 3368 1225; x_wconf 63' lang='lat' dir='ltr'>uisum</span> <span class='ocrx_word' id='word_1_56' title='bbox 3408 1151 3642 1248; x_wconf 86' lang='lat' dir='ltr'>prouti</span> 
     </span>
     <span class='ocr_line' id='line_1_6' title="bbox 590 1266 3642 1369; baseline 0.001 -26"><span class='ocrx_word' id='word_1_57' title='bbox 590 1266 675 1343; x_wconf 89' lang='lat' dir='ltr'>ab</span> <span class='ocrx_word' id='word_1_58' title='bbox 742 1269 1219 1369; x_wconf 80' lang='lat' dir='ltr'>Euangelistis</span> <span class='ocrx_word' id='word_1_59' title='bbox 1286 1268 1693 1368; x_wconf 88' lang='lat' dir='ltr'>proponitur</span> <span class='ocrx_word' id='word_1_60' title='bbox 1760 1291 1912 1341; x_wconf 89' lang='lat' dir='ltr'>esse</span> <span class='ocrx_word' id='word_1_61' title='bbox 1984 1291 2361 1343; x_wconf 68' lang='lat' dir='ltr'>cnals&#39;ruu</span> <span class='ocrx_word' id='word_1_62' title='bbox 2425 1294 2492 1367; x_wconf 92' lang='lat' dir='ltr'>q.</span> <span class='ocrx_word' id='word_1_63' title='bbox 2547 1268 2618 1343; x_wconf 90' lang='lat' dir='ltr'>d.</span> <span class='ocrx_word' id='word_1_64' title='bbox 2673 1268 3115 1356; x_wconf 82' lang='lat' dir='ltr'>historicum3</span> <span class='ocrx_word' id='word_1_65' title='bbox 3187 1269 3303 1343; x_wconf 87' lang='lat' dir='ltr'>oui</span> <span class='ocrx_word' id='word_1_66' title='bbox 3351 1269 3642 1345; x_wconf 89' lang='lat' dir='ltr'>minime</span> 
     </span>
     <span class='ocr_line' id='line_1_7' title="bbox 588 1386 3637 1488; baseline 0.002 -28"><span class='ocrx_word' id='word_1_67' title='bbox 588 1387 809 1487; x_wconf 86' lang='lat' dir='ltr'>placet</span> <span class='ocrx_word' id='word_1_68' title='bbox 826 1445 847 1475; x_wconf 95' lang='lat'>‚</span> <span class='ocrx_word' id='word_1_69' title='bbox 896 1388 1279 1488; x_wconf 83' lang='lat' dir='ltr'>approbare</span> <span class='ocrx_word' id='word_1_70' title='bbox 1327 1396 1539 1486; x_wconf 87' lang='lat' dir='ltr'>atque</span> <span class='ocrx_word' id='word_1_71' title='bbox 1591 1386 1874 1462; x_wconf 87' lang='lat' dir='ltr'>laudare</span> <span class='ocrx_word' id='word_1_72' title='bbox 1930 1387 2344 1461; x_wconf 89' lang='lat' dir='ltr'>sententiam</span> <span class='ocrx_word' id='word_1_73' title='bbox 2383 1412 2625 1469; x_wconf 85' lang='lat' dir='ltr'>eorum</span> <span class='ocrx_word' id='word_1_74' title='bbox 2646 1446 2667 1476; x_wconf 95' lang='lat'>‚</span> <span class='ocrx_word' id='word_1_75' title='bbox 2718 1388 2844 1486; x_wconf 89' lang='lat' dir='ltr'>qui</span> <span class='ocrx_word' id='word_1_76' title='bbox 2891 1412 3270 1463; x_wconf 77' lang='lat' dir='ltr'>cnms&#39;rtm</span> <span class='ocrx_word' id='word_1_77' title='bbox 3315 1390 3637 1488; x_wconf 84' lang='lat' dir='ltr'>Euange-</span> 
     </span>
     <span class='ocr_line' id='line_1_8' title="bbox 592 1506 3642 1608; baseline 0.001 -27"><span class='ocrx_word' id='word_1_78' title='bbox 592 1506 905 1583; x_wconf 81' lang='lat' dir='ltr'>listarum</span> <span class='ocrx_word' id='word_1_79' title='bbox 965 1506 1635 1608; x_wconf 81' lang='lat' dir='ltr'>uthaumaturgum”</span> <span class='ocrx_word' id='word_1_80' title='bbox 1684 1507 1926 1581; x_wconf 86' lang='lat' dir='ltr'>dicunt</span> <span class='ocrx_word' id='word_1_81' title='bbox 1942 1566 1964 1596; x_wconf 93' lang='lat'><em>,</em></span> <span class='ocrx_word' id='word_1_82' title='bbox 2033 1516 2353 1584; x_wconf 85' lang='lat' dir='ltr'>sanctum</span> <span class='ocrx_word' id='word_1_83' title='bbox 2401 1507 2688 1607; x_wconf 88' lang='lat' dir='ltr'>quidem</span> <span class='ocrx_word' id='word_1_84' title='bbox 2733 1508 2966 1597; x_wconf 86' lang='lat' dir='ltr'>illum,</span> <span class='ocrx_word' id='word_1_85' title='bbox 3035 1517 3108 1584; x_wconf 88' lang='lat' dir='ltr'>at</span> <span class='ocrx_word' id='word_1_86' title='bbox 3165 1509 3642 1585; x_wconf 82' lang='lat' dir='ltr'>nthaumatur-</span> 
     </span>
     <span class='ocr_line' id='line_1_9' title="bbox 594 1627 3644 1727; baseline 0.001 -27"><span class='ocrx_word' id='word_1_87' title='bbox 594 1650 757 1727; x_wconf 85' lang='lat' dir='ltr'>gum</span> <span class='ocrx_word' id='word_1_88' title='bbox 776 1628 858 1700; x_wconf 81' lang='lat'>?’&#39;</span> <span class='ocrx_word' id='word_1_89' title='bbox 890 1630 951 1720; x_wconf 86' lang='lat'>1)</span> <span class='ocrx_word' id='word_1_90' title='bbox 1056 1628 1257 1707; x_wconf 86' lang='lat' dir='ltr'>Quid</span> <span class='ocrx_word' id='word_1_91' title='bbox 1276 1684 1298 1716; x_wconf 86' lang='lat'>,</span> <span class='ocrx_word' id='word_1_92' title='bbox 1370 1652 1629 1725; x_wconf 79' lang='lat' dir='ltr'><strong>quaeso</strong></span> <span class='ocrx_word' id='word_1_93' title='bbox 1650 1687 1670 1718; x_wconf 89' lang='lat'><em>,</em></span> <span class='ocrx_word' id='word_1_94' title='bbox 1721 1627 1895 1703; x_wconf 90' lang='lat' dir='ltr'>mihi</span> <span class='ocrx_word' id='word_1_95' title='bbox 1942 1629 2339 1704; x_wconf 85' lang='lat' dir='ltr'>faciendum</span> <span class='ocrx_word' id='word_1_96' title='bbox 2391 1637 2538 1717; x_wconf 89' lang='lat' dir='ltr'>est,</span> <span class='ocrx_word' id='word_1_97' title='bbox 2598 1628 2722 1727; x_wconf 91' lang='lat' dir='ltr'>qui</span> <span class='ocrx_word' id='word_1_98' title='bbox 2776 1628 2866 1702; x_wconf 86' lang='lat' dir='ltr'>ad</span> <span class='ocrx_word' id='word_1_99' title='bbox 2915 1627 3379 1703; x_wconf 86' lang='lat' dir='ltr'>instituendos</span> <span class='ocrx_word' id='word_1_100' title='bbox 3425 1636 3496 1703; x_wconf 88' lang='lat' dir='ltr'>et</span> <span class='ocrx_word' id='word_1_101' title='bbox 3539 1629 3644 1702; x_wconf 91' lang='lat' dir='ltr'>in-</span> 
     </span>
     <span class='ocr_line' id='line_1_10' title="bbox 592 1744 3644 1847; baseline 0.001 -27"><span class='ocrx_word' id='word_1_102' title='bbox 592 1744 985 1823; x_wconf 81' lang='lat' dir='ltr'>formandos</span> <span class='ocrx_word' id='word_1_103' title='bbox 1034 1747 1309 1822; x_wconf 87' lang='lat' dir='ltr'>futuros</span> <span class='ocrx_word' id='word_1_104' title='bbox 1362 1747 1709 1823; x_wconf 81' lang='lat' dir='ltr'>Ecclesiae</span> <span class='ocrx_word' id='word_1_105' title='bbox 1762 1748 2073 1823; x_wconf 85' lang='lat' dir='ltr'>doctores</span> <span class='ocrx_word' id='word_1_106' title='bbox 2122 1757 2195 1823; x_wconf 90' lang='lat' dir='ltr'>et</span> <span class='ocrx_word' id='word_1_107' title='bbox 2244 1756 2554 1847; x_wconf 87' lang='lat' dir='ltr'>pastores</span> <span class='ocrx_word' id='word_1_108' title='bbox 2601 1755 2884 1823; x_wconf 89' lang='lat' dir='ltr'>vocatus</span> <span class='ocrx_word' id='word_1_109' title='bbox 2901 1807 2924 1837; x_wconf 88' lang='lat'>,</span> <span class='ocrx_word' id='word_1_110' title='bbox 2989 1748 3171 1823; x_wconf 82' lang='lat' dir='ltr'>inter</span> <span class='ocrx_word' id='word_1_111' title='bbox 3213 1748 3348 1824; x_wconf 91' lang='lat' dir='ltr'>alia</span> <span class='ocrx_word' id='word_1_112' title='bbox 3395 1757 3468 1823; x_wconf 89' lang='lat' dir='ltr'>et</span> <span class='ocrx_word' id='word_1_113' title='bbox 3513 1748 3644 1824; x_wconf 90' lang='lat' dir='ltr'>hoc</span> 
     </span>
     <span class='ocr_line' id='line_1_11' title="bbox 591 1866 3644 1971; baseline 0 -30"><span class='ocrx_word' id='word_1_114' title='bbox 591 1866 997 1965; x_wconf 64' lang='lat' dir='ltr'>profitebor:</span> <span class='ocrx_word' id='word_1_115' title='bbox 1067 1867 1131 1941; x_wconf 89' lang='lat' dir='ltr'>si</span> <span class='ocrx_word' id='word_1_116' title='bbox 1194 1867 1563 1958; x_wconf 88' lang='lat' dir='ltr'>miracula,</span> <span class='ocrx_word' id='word_1_117' title='bbox 1615 1892 1795 1967; x_wconf 85' lang='lat' dir='ltr'>quae</span> <span class='ocrx_word' id='word_1_118' title='bbox 1846 1892 2013 1943; x_wconf 64' lang='lat' dir='ltr'>nisu</span> <span class='ocrx_word' id='word_1_119' title='bbox 2072 1867 2482 1944; x_wconf 87' lang='lat' dir='ltr'>tribuuntur</span> <span class='ocrx_word' id='word_1_120' title='bbox 2498 1927 2519 1958; x_wconf 94' lang='lat'>,</span> <span class='ocrx_word' id='word_1_121' title='bbox 2569 1867 2788 1971; x_wconf 41' lang='lat' dir='ltr'>nullo,</span> <span class='ocrx_word' id='word_1_122' title='bbox 2812 1867 3022 1943; x_wconf 90' lang='lat' dir='ltr'>modo</span> <span class='ocrx_word' id='word_1_123' title='bbox 3070 1868 3187 1943; x_wconf 88' lang='lat' dir='ltr'>edi</span> <span class='ocrx_word' id='word_1_124' title='bbox 3231 1875 3644 1967; x_wconf 87' lang='lat' dir='ltr'>potuerunt,</span> 
     </span>
     <span class='ocr_line' id='line_1_12' title="bbox 593 1984 3646 2088; baseline 0.001 -29"><span class='ocrx_word' id='word_1_125' title='bbox 593 1984 678 2060; x_wconf 89' lang='lat' dir='ltr'>de</span> <span class='ocrx_word' id='word_1_126' title='bbox 724 2010 891 2061; x_wconf 70' lang='lat' dir='ltr'>usu</span> <span class='ocrx_word' id='word_1_127' title='bbox 942 1995 1220 2063; x_wconf 89' lang='lat' dir='ltr'>mortuo</span> <span class='ocrx_word' id='word_1_128' title='bbox 1264 1993 1569 2063; x_wconf 78' lang='lat' dir='ltr'>statuere</span> <span class='ocrx_word' id='word_1_129' title='bbox 1612 2012 1739 2063; x_wconf 90' lang='lat' dir='ltr'>nos</span> <span class='ocrx_word' id='word_1_130' title='bbox 1790 1996 2104 2088; x_wconf 90' lang='lat' dir='ltr'>oportet,</span> <span class='ocrx_word' id='word_1_131' title='bbox 2154 1988 2355 2063; x_wconf 85' lang='lat' dir='ltr'>illum</span> <span class='ocrx_word' id='word_1_132' title='bbox 2405 1987 2479 2061; x_wconf 90' lang='lat' dir='ltr'>in</span> <span class='ocrx_word' id='word_1_133' title='bbox 2528 1988 2742 2063; x_wconf 88' lang='lat' dir='ltr'>vitam</span> <span class='ocrx_word' id='word_1_134' title='bbox 2783 1986 3086 2063; x_wconf 84' lang='lat' dir='ltr'>revocari</span> <span class='ocrx_word' id='word_1_135' title='bbox 3119 2012 3258 2062; x_wconf 89' lang='lat' dir='ltr'>non</span> <span class='ocrx_word' id='word_1_136' title='bbox 3298 1987 3646 2085; x_wconf 84' lang='lat' dir='ltr'>potuisse;</span> 
     </span>
     <span class='ocr_line' id='line_1_13' title="bbox 592 2103 3651 2206; baseline 0.002 -30"><span class='ocrx_word' id='word_1_137' title='bbox 592 2103 650 2177; x_wconf 89' lang='lat' dir='ltr'>si</span> <span class='ocrx_word' id='word_1_138' title='bbox 691 2128 920 2180; x_wconf 73' lang='lat' dir='ltr'>msuu</span> <span class='ocrx_word' id='word_1_139' title='bbox 966 2105 1041 2179; x_wconf 93' lang='lat' dir='ltr'>in</span> <span class='ocrx_word' id='word_1_140' title='bbox 1090 2106 1305 2181; x_wconf 84' lang='lat' dir='ltr'>vitam</span> <span class='ocrx_word' id='word_1_141' title='bbox 1353 2105 1641 2180; x_wconf 88' lang='lat' dir='ltr'>rediisse</span> <span class='ocrx_word' id='word_1_142' title='bbox 1690 2106 2093 2206; x_wconf 87' lang='lat' dir='ltr'>negandum</span> <span class='ocrx_word' id='word_1_143' title='bbox 2147 2115 2293 2196; x_wconf 88' lang='lat' dir='ltr'>est,</span> <span class='ocrx_word' id='word_1_144' title='bbox 2344 2106 2572 2181; x_wconf 88' lang='lat' dir='ltr'>inanis</span> <span class='ocrx_word' id='word_1_145' title='bbox 2617 2106 2988 2206; x_wconf 85' lang='lat' dir='ltr'>Euangelii</span> <span class='ocrx_word' id='word_1_146' title='bbox 3039 2106 3461 2205; x_wconf 86' lang='lat' dir='ltr'>praedicatio</span> <span class='ocrx_word' id='word_1_147' title='bbox 3507 2116 3614 2181; x_wconf 89' lang='lat' dir='ltr'>est</span> <span class='ocrx_word' id='word_1_148' title='bbox 3631 2164 3651 2195; x_wconf 90' lang='lat'>,</span> 
     </span>
     <span class='ocr_line' id='line_1_14' title="bbox 591 2224 3654 2325; baseline 0 -26"><span class='ocrx_word' id='word_1_149' title='bbox 591 2247 761 2299; x_wconf 80' lang='lat' dir='ltr'>vana</span> <span class='ocrx_word' id='word_1_150' title='bbox 822 2224 1001 2300; x_wconf 89' lang='lat' dir='ltr'>fides</span> <span class='ocrx_word' id='word_1_151' title='bbox 1063 2234 1299 2300; x_wconf 86' lang='lat' dir='ltr'>nostra</span> <span class='ocrx_word' id='word_1_152' title='bbox 1318 2228 1353 2300; x_wconf 84' lang='lat' dir='ltr'><strong>P</strong></span> <span class='ocrx_word' id='word_1_153' title='bbox 1426 2226 1493 2300; x_wconf 93' lang='grc' dir='ltr'>Ο</span> <span class='ocrx_word' id='word_1_154' title='bbox 1548 2250 1663 2300; x_wconf 90' lang='lat' dir='ltr'>me</span> <span class='ocrx_word' id='word_1_155' title='bbox 1704 2224 2047 2301; x_wconf 82' lang='lat' dir='ltr'>infelicem</span> <span class='ocrx_word' id='word_1_156' title='bbox 2076 2283 2097 2314; x_wconf 69' lang='lat'><em>2</em></span> <span class='ocrx_word' id='word_1_157' title='bbox 2146 2226 2263 2301; x_wconf 87' lang='lat' dir='ltr'>oui</span> <span class='ocrx_word' id='word_1_158' title='bbox 2310 2226 2502 2325; x_wconf 84' lang='lat' dir='ltr'>optio</span> <span class='ocrx_word' id='word_1_159' title='bbox 2545 2226 2696 2301; x_wconf 86' lang='lat' dir='ltr'>dari</span> <span class='ocrx_word' id='word_1_160' title='bbox 2747 2226 3064 2301; x_wconf 86' lang='lat' dir='ltr'>videatur</span> <span class='ocrx_word' id='word_1_161' title='bbox 3085 2284 3104 2315; x_wconf 88' lang='lat'>,</span> <span class='ocrx_word' id='word_1_162' title='bbox 3158 2233 3391 2301; x_wconf 87' lang='lat' dir='ltr'>utrum</span> <span class='ocrx_word' id='word_1_163' title='bbox 3442 2226 3654 2300; x_wconf 89' lang='lat' dir='ltr'>missa</span> 
     </span>
     <span class='ocr_line' id='line_1_15' title="bbox 590 2343 3652 2446; baseline -0.001 -26"><span class='ocrx_word' id='word_1_164' title='bbox 590 2343 837 2421; x_wconf 82' lang='lat' dir='ltr'>faciam</span> <span class='ocrx_word' id='word_1_165' title='bbox 909 2370 1368 2446; x_wconf 85' lang='lat' dir='ltr'>quaecunque</span> <span class='ocrx_word' id='word_1_166' title='bbox 1428 2346 1519 2422; x_wconf 87' lang='lat' dir='ltr'>ad</span> <span class='ocrx_word' id='word_1_167' title='bbox 1581 2346 1768 2421; x_wconf 89' lang='lat' dir='ltr'>hunc</span> <span class='ocrx_word' id='word_1_168' title='bbox 1820 2370 2043 2446; x_wconf 82' lang='lat' dir='ltr'>usque</span> <span class='ocrx_word' id='word_1_169' title='bbox 2089 2346 2277 2421; x_wconf 89' lang='lat' dir='ltr'>diem</span> <span class='ocrx_word' id='word_1_170' title='bbox 2328 2348 2416 2445; x_wconf 74' lang='lat' dir='ltr'>de</span> <span class='ocrx_word' id='word_1_171' title='bbox 2463 2370 2630 2421; x_wconf 69' lang='lat' dir='ltr'>msc</span> <span class='ocrx_word' id='word_1_172' title='bbox 2677 2368 2993 2421; x_wconf 77' lang='lat' dir='ltr'>cnnls‘ro</span> <span class='ocrx_word' id='word_1_173' title='bbox 3011 2404 3032 2435; x_wconf 94' lang='lat'>‚</span> <span class='ocrx_word' id='word_1_174' title='bbox 3095 2347 3232 2421; x_wconf 90' lang='lat' dir='ltr'>Dei</span> <span class='ocrx_word' id='word_1_175' title='bbox 3273 2347 3452 2421; x_wconf 87' lang='lat' dir='ltr'>Filio</span> <span class='ocrx_word' id='word_1_176' title='bbox 3498 2344 3652 2419; x_wconf 88' lang='lat' dir='ltr'>uni-</span> 
     </span>
     <span class='ocr_line' id='line_1_16' title="bbox 588 2465 3652 2566; baseline -0 -28"><span class='ocrx_word' id='word_1_177' title='bbox 588 2465 824 2563; x_wconf 84' lang='lat' dir='ltr'>genito</span> <span class='ocrx_word' id='word_1_178' title='bbox 842 2524 863 2555; x_wconf 94' lang='lat'>‚</span> <span class='ocrx_word' id='word_1_179' title='bbox 934 2465 1283 2542; x_wconf 78' lang='lat' dir='ltr'>miraculis</span> <span class='ocrx_word' id='word_1_180' title='bbox 1350 2466 1575 2555; x_wconf 79' lang='lat' dir='ltr'>claro,</span> <span class='ocrx_word' id='word_1_181' title='bbox 1642 2491 1683 2540; x_wconf 91' lang='lat' dir='ltr'>a</span> <span class='ocrx_word' id='word_1_182' title='bbox 1748 2467 1903 2541; x_wconf 85' lang='lat' dir='ltr'>Deo</span> <span class='ocrx_word' id='word_1_183' title='bbox 1950 2466 2281 2541; x_wconf 85' lang='lat' dir='ltr'>suscitato</span> <span class='ocrx_word' id='word_1_184' title='bbox 2328 2474 2403 2540; x_wconf 90' lang='lat' dir='ltr'>et</span> <span class='ocrx_word' id='word_1_185' title='bbox 2445 2466 2674 2565; x_wconf 91' lang='lat' dir='ltr'>palam</span> <span class='ocrx_word' id='word_1_186' title='bbox 2718 2466 3012 2566; x_wconf 87' lang='lat' dir='ltr'>probato</span> <span class='ocrx_word' id='word_1_187' title='bbox 3033 2524 3054 2554; x_wconf 95' lang='lat'>‚</span> <span class='ocrx_word' id='word_1_188' title='bbox 3121 2490 3284 2541; x_wconf 89' lang='lat' dir='ltr'>cum</span> <span class='ocrx_word' id='word_1_189' title='bbox 3328 2465 3652 2563; x_wconf 84' lang='lat' dir='ltr'>Euange-</span> 
     </span>
     <span class='ocr_line' id='line_1_17' title="bbox 588 2584 3656 2684; baseline -0.001 -25"><span class='ocrx_word' id='word_1_190' title='bbox 588 2584 765 2659; x_wconf 79' lang='lat' dir='ltr'>listis</span> <span class='ocrx_word' id='word_1_191' title='bbox 840 2594 913 2659; x_wconf 92' lang='lat' dir='ltr'>et</span> <span class='ocrx_word' id='word_1_192' title='bbox 972 2586 1329 2684; x_wconf 89' lang='lat' dir='ltr'>Apostolis</span> <span class='ocrx_word' id='word_1_193' title='bbox 1395 2592 1469 2662; x_wconf 88' lang='lat' dir='ltr'>et</span> <span class='ocrx_word' id='word_1_194' title='bbox 1536 2585 1847 2663; x_wconf 87' lang='lat' dir='ltr'>Ecclesia</span> <span class='ocrx_word' id='word_1_195' title='bbox 1917 2586 2314 2661; x_wconf 87' lang='lat' dir='ltr'>Christiana</span> <span class='ocrx_word' id='word_1_196' title='bbox 2381 2586 2724 2661; x_wconf 83' lang='lat' dir='ltr'>credenda</span> <span class='ocrx_word' id='word_1_197' title='bbox 2785 2608 2936 2659; x_wconf 87' lang='lat' dir='ltr'>esse</span> <span class='ocrx_word' id='word_1_198' title='bbox 2995 2584 3236 2682; x_wconf 87' lang='lat' dir='ltr'>putavi</span> <span class='ocrx_word' id='word_1_199' title='bbox 3255 2641 3279 2672; x_wconf 87' lang='lat'>‚</span> <span class='ocrx_word' id='word_1_200' title='bbox 3349 2607 3439 2660; x_wconf 87' lang='lat' dir='ltr'>an</span> <span class='ocrx_word' id='word_1_201' title='bbox 3498 2607 3656 2660; x_wconf 86' lang='lat' dir='ltr'>vero</span> 
     </span>
     <span class='ocr_line' id='line_1_18' title="bbox 590 2701 3410 2806; baseline -0.001 -27"><span class='ocrx_word' id='word_1_202' title='bbox 590 2704 907 2795; x_wconf 88' lang='lat' dir='ltr'>libidini,</span> <span class='ocrx_word' id='word_1_203' title='bbox 960 2706 1397 2806; x_wconf 87' lang='lat' dir='ltr'>sceptieismo</span> <span class='ocrx_word' id='word_1_204' title='bbox 1417 2765 1437 2796; x_wconf 89' lang='lat'><em>,</em></span> <span class='ocrx_word' id='word_1_205' title='bbox 1489 2706 1857 2783; x_wconf 87' lang='lat' dir='ltr'>fanatismo</span> <span class='ocrx_word' id='word_1_206' title='bbox 1879 2763 1900 2794; x_wconf 94' lang='lat'>‚</span> <span class='ocrx_word' id='word_1_207' title='bbox 1950 2705 2169 2780; x_wconf 91' lang='lat' dir='ltr'>immo</span> <span class='ocrx_word' id='word_1_208' title='bbox 2218 2704 2532 2781; x_wconf 86' lang='lat' dir='ltr'>insaniae</span> <span class='ocrx_word' id='word_1_209' title='bbox 2576 2726 2691 2778; x_wconf 90' lang='lat' dir='ltr'>me</span> <span class='ocrx_word' id='word_1_210' title='bbox 2736 2702 3046 2802; x_wconf 86' lang='lat' dir='ltr'>aliosque</span> <span class='ocrx_word' id='word_1_211' title='bbox 3095 2701 3410 2776; x_wconf 90' lang='lat' dir='ltr'>tradam!</span> 
     </span>
    </p>

    <p class='ocr_par' dir='ltr' id='par_1_5' title="bbox 590 2820 3658 3021">
     <span class='ocr_line' id='line_1_19' title="bbox 688 2820 3658 2921; baseline -0.002 -22"><span class='ocrx_word' id='word_1_212' title='bbox 688 2826 889 2901; x_wconf 89' lang='lat' dir='ltr'>Num</span> <span class='ocrx_word' id='word_1_213' title='bbox 962 2826 1354 2915; x_wconf 90' lang='lat' dir='ltr'>miramini,</span> <span class='ocrx_word' id='word_1_214' title='bbox 1428 2828 1518 2903; x_wconf 89' lang='lat' dir='ltr'>A.</span> <span class='ocrx_word' id='word_1_215' title='bbox 1559 2826 1689 2903; x_wconf 86' lang='lat' dir='ltr'>A.l</span> <span class='ocrx_word' id='word_1_216' title='bbox 1754 2850 1869 2901; x_wconf 88' lang='lat' dir='ltr'>me</span> <span class='ocrx_word' id='word_1_217' title='bbox 1936 2824 2111 2900; x_wconf 78' lang='lat' dir='ltr'>mihi</span> <span class='ocrx_word' id='word_1_218' title='bbox 2176 2832 2258 2898; x_wconf 92' lang='lat' dir='ltr'>ut</span> <span class='ocrx_word' id='word_1_219' title='bbox 2317 2822 2674 2901; x_wconf 83' lang='lat' dir='ltr'>neminem</span> <span class='ocrx_word' id='word_1_220' title='bbox 2736 2822 2812 2897; x_wconf 90' lang='lat' dir='ltr'>in</span> <span class='ocrx_word' id='word_1_221' title='bbox 2860 2820 3220 2921; x_wconf 85' lang='lat' dir='ltr'>angustias</span> <span class='ocrx_word' id='word_1_222' title='bbox 3271 2820 3658 2895; x_wconf 87' lang='lat' dir='ltr'>adductum</span> 
     </span>
     <span class='ocr_line' id='line_1_20' title="bbox 590 2944 1647 3021; baseline 0.002 -2"><span class='ocrx_word' id='word_1_223' title='bbox 590 2944 863 3021; x_wconf 82' lang='lat' dir='ltr'>videri?</span> <span class='ocrx_word' id='word_1_224' title='bbox 914 2988 1015 3007; x_wconf 91' lang='lat'>-</span> <span class='ocrx_word' id='word_1_225' title='bbox 1064 2988 1173 3005; x_wconf 92' lang='lat'>—-</span> <span class='ocrx_word' id='word_1_226' title='bbox 1606 2952 1647 2963; x_wconf 57' lang='grc'><strong>“</strong></span> 
     </span>
    </p>

    <p class='ocr_par' dir='ltr' id='par_1_6' title="bbox 688 3049 2586 3167">
     <span class='ocr_line' id='line_1_21' title="bbox 688 3049 2586 3167; baseline -0.001 -27"><span class='ocrx_word' id='word_1_227' title='bbox 688 3065 1053 3142; x_wconf 88' lang='lat' dir='ltr'>Miramini</span> <span class='ocrx_word' id='word_1_228' title='bbox 1090 3049 1251 3141; x_wconf 49' lang='lat' dir='ltr'>&#39;sine</span> <span class='ocrx_word' id='word_1_229' title='bbox 1293 3064 1510 3142; x_wconf 86' lang='lat' dir='ltr'>dubio</span> <span class='ocrx_word' id='word_1_230' title='bbox 1528 3123 1551 3156; x_wconf 88' lang='lat'><em>,</em></span> <span class='ocrx_word' id='word_1_231' title='bbox 1600 3066 1819 3142; x_wconf 90' lang='lat' dir='ltr'>immo</span> <span class='ocrx_word' id='word_1_232' title='bbox 1865 3066 2332 3167; x_wconf 81' lang='lat' dir='ltr'>obstupefacti</span> <span class='ocrx_word' id='word_1_233' title='bbox 2380 3066 2586 3140; x_wconf 86' lang='lat' dir='ltr'>estis!</span> 
     </span>
    </p>

    <p class='ocr_par' dir='ltr' id='par_1_7' title="bbox 592 3180 3702 3994">
     <span class='ocr_line' id='line_1_22' title="bbox 696 3180 3658 3280; baseline -0.004 -14"><span class='ocrx_word' id='word_1_234' title='bbox 696 3185 893 3266; x_wconf 85' lang='lat' dir='ltr'>Quid</span> <span class='ocrx_word' id='word_1_235' title='bbox 934 3185 1177 3260; x_wconf 76' lang='lat' dir='ltr'>enim?</span> <span class='ocrx_word' id='word_1_236' title='bbox 1244 3185 1567 3260; x_wconf 89' lang='lat' dir='ltr'>Alterum</span> <span class='ocrx_word' id='word_1_237' title='bbox 1616 3185 1947 3261; x_wconf 87' lang='lat' dir='ltr'>dilemma</span> <span class='ocrx_word' id='word_1_238' title='bbox 1988 3210 2130 3260; x_wconf 89' lang='lat' dir='ltr'>non</span> <span class='ocrx_word' id='word_1_239' title='bbox 2174 3186 2453 3274; x_wconf 84' lang='lat' dir='ltr'>existit,</span> <span class='ocrx_word' id='word_1_240' title='bbox 2495 3182 2632 3258; x_wconf 87' lang='lat' dir='ltr'>nisi</span> <span class='ocrx_word' id='word_1_241' title='bbox 2675 3181 2853 3256; x_wconf 91' lang='lat' dir='ltr'>illud</span> <span class='ocrx_word' id='word_1_242' title='bbox 2878 3182 2983 3256; x_wconf 83' lang='lat' dir='ltr'>.de</span> <span class='ocrx_word' id='word_1_243' title='bbox 3026 3206 3167 3280; x_wconf 92' lang='lat' dir='ltr'>quo</span> <span class='ocrx_word' id='word_1_244' title='bbox 3212 3180 3658 3256; x_wconf 83' lang='lat' dir='ltr'>audivimus?</span> 
     </span>
     <span class='ocr_line' id='line_1_23' title="bbox 592 3285 3656 3403; baseline -0.001 -25"><span class='ocrx_word' id='word_1_245' title='bbox 592 3298 1147 3380; x_wconf 84' lang='lat' dir='ltr'>Assentiendum</span> <span class='ocrx_word' id='word_1_246' title='bbox 1213 3285 1419 3380; x_wconf 78' lang='lat' dir='ltr'>nobis</span> <span class='ocrx_word' id='word_1_247' title='bbox 1490 3313 1677 3380; x_wconf 88' lang='lat' dir='ltr'>esset</span> <span class='ocrx_word' id='word_1_248' title='bbox 1742 3304 1831 3378; x_wconf 90' lang='lat' dir='ltr'>iis</span> <span class='ocrx_word' id='word_1_249' title='bbox 1848 3363 1869 3394; x_wconf 94' lang='lat'>‚</span> <span class='ocrx_word' id='word_1_250' title='bbox 1938 3306 2063 3403; x_wconf 91' lang='lat' dir='ltr'>qui</span> <span class='ocrx_word' id='word_1_251' title='bbox 2128 3305 2526 3382; x_wconf 85' lang='lat' dir='ltr'>recentioris</span> <span class='ocrx_word' id='word_1_252' title='bbox 2590 3328 2660 3401; x_wconf 91' lang='lat' dir='ltr'>q.</span> <span class='ocrx_word' id='word_1_253' title='bbox 2713 3302 2782 3378; x_wconf 81' lang='lat' dir='ltr'>d.</span> <span class='ocrx_word' id='word_1_254' title='bbox 2851 3301 3120 3377; x_wconf 86' lang='lat' dir='ltr'>critices</span> <span class='ocrx_word' id='word_1_255' title='bbox 3185 3300 3466 3377; x_wconf 89' lang='lat' dir='ltr'>nomine</span> <span class='ocrx_word' id='word_1_256' title='bbox 3531 3324 3656 3399; x_wconf 89' lang='lat' dir='ltr'>pro</span> 
     </span>
     <span class='ocr_line' id='line_1_24' title="bbox 596 3420 3702 3524; baseline -0.002 -26"><span class='ocrx_word' id='word_1_257' title='bbox 596 3431 783 3498; x_wconf 80' lang='lat' dir='ltr'>certo</span> <span class='ocrx_word' id='word_1_258' title='bbox 837 3424 1077 3498; x_wconf 85' lang='lat' dir='ltr'>dicant</span> <span class='ocrx_word' id='word_1_259' title='bbox 1091 3483 1113 3512; x_wconf 93' lang='lat'>,</span> <span class='ocrx_word' id='word_1_260' title='bbox 1160 3424 1687 3516; x_wconf 42' lang='lat' dir='ltr'>‚narrationibus</span> <span class='ocrx_word' id='word_1_261' title='bbox 1732 3425 2346 3524; x_wconf 81' lang='lat' dir='ltr'>Euangelistarum</span> <span class='ocrx_word' id='word_1_262' title='bbox 2401 3424 2490 3498; x_wconf 90' lang='lat' dir='ltr'>de</span> <span class='ocrx_word' id='word_1_263' title='bbox 2536 3421 2886 3497; x_wconf 79' lang='lat' dir='ltr'>miraculis</span> <span class='ocrx_word' id='word_1_264' title='bbox 2929 3422 3194 3498; x_wconf 87' lang='lat' dir='ltr'>nullam</span> <span class='ocrx_word' id='word_1_265' title='bbox 3238 3420 3452 3495; x_wconf 89' lang='lat' dir='ltr'>fidem</span> <span class='ocrx_word' id='word_1_266' title='bbox 3504 3443 3658 3494; x_wconf 87' lang='lat' dir='ltr'>esse</span> <span class='ocrx_word' id='word_1_267' title='bbox 3674 3459 3702 3484; x_wconf 67' lang='grc' dir='ltr'><strong><em>ο</em></strong></span> 
     </span>
     <span class='ocr_line' id='line_1_25' title="bbox 594 3541 3653 3643; baseline -0.001 -27"><span class='ocrx_word' id='word_1_268' title='bbox 594 3543 995 3619; x_wconf 87' lang='lat' dir='ltr'>habendam</span> <span class='ocrx_word' id='word_1_269' title='bbox 1018 3545 1053 3617; x_wconf 84' lang='lat' dir='ltr'><strong>P</strong></span> <span class='ocrx_word' id='word_1_270' title='bbox 1156 3543 1399 3643; x_wconf 85' lang='lat' dir='ltr'>Longe</span> <span class='ocrx_word' id='word_1_271' title='bbox 1469 3543 1668 3619; x_wconf 90' lang='lat' dir='ltr'>aliter</span> <span class='ocrx_word' id='word_1_272' title='bbox 1730 3569 1839 3619; x_wconf 90' lang='lat' dir='ltr'>res</span> <span class='ocrx_word' id='word_1_273' title='bbox 1920 3570 1993 3619; x_wconf 89' lang='lat' dir='ltr'>se</span> <span class='ocrx_word' id='word_1_274' title='bbox 2067 3544 2277 3620; x_wconf 90' lang='lat' dir='ltr'>habet</span> <span class='ocrx_word' id='word_1_275' title='bbox 2295 3597 2317 3637; x_wconf 91' lang='lat'>‚</span> <span class='ocrx_word' id='word_1_276' title='bbox 2397 3544 2588 3642; x_wconf 91' lang='lat' dir='ltr'>quod</span> <span class='ocrx_word' id='word_1_277' title='bbox 2655 3541 3096 3640; x_wconf 85' lang='lat' dir='ltr'>probandum</span> <span class='ocrx_word' id='word_1_278' title='bbox 3177 3565 3328 3615; x_wconf 88' lang='lat' dir='ltr'>esse</span> <span class='ocrx_word' id='word_1_279' title='bbox 3406 3563 3653 3615; x_wconf 88' lang='lat' dir='ltr'>censeo</span> 
     </span>
     <span class='ocr_line' id='line_1_26' title="bbox 594 3657 3654 3761; baseline -0.003 -23"><span class='ocrx_word' id='word_1_280' title='bbox 594 3662 843 3738; x_wconf 82' lang='lat' dir='ltr'>eadem</span> <span class='ocrx_word' id='word_1_281' title='bbox 908 3663 1019 3738; x_wconf 87' lang='lat' dir='ltr'>via</span> <span class='ocrx_word' id='word_1_282' title='bbox 1038 3720 1057 3751; x_wconf 87' lang='lat'><strong><em>,</em></strong></span> <span class='ocrx_word' id='word_1_283' title='bbox 1119 3688 1260 3761; x_wconf 90' lang='lat' dir='ltr'>qua</span> <span class='ocrx_word' id='word_1_284' title='bbox 1326 3688 1525 3738; x_wconf 88' lang='lat' dir='ltr'>secus</span> <span class='ocrx_word' id='word_1_285' title='bbox 1573 3663 1951 3738; x_wconf 85' lang='lat' dir='ltr'>sentientes</span> <span class='ocrx_word' id='word_1_286' title='bbox 2006 3688 2207 3739; x_wconf 85' lang='lat' dir='ltr'>suam</span> <span class='ocrx_word' id='word_1_287' title='bbox 2259 3663 2566 3739; x_wconf 83' lang='lat' dir='ltr'>stabilire</span> <span class='ocrx_word' id='word_1_288' title='bbox 2610 3669 2948 3738; x_wconf 74' lang='lat' dir='ltr'>conantur</span> <span class='ocrx_word' id='word_1_289' title='bbox 2991 3659 3429 3736; x_wconf 87' lang='lat' dir='ltr'>sententiam.</span> <span class='ocrx_word' id='word_1_290' title='bbox 3501 3657 3654 3732; x_wconf 89' lang='lat' dir='ltr'>Cri-</span> 
     </span>
     <span class='ocr_line' id='line_1_27' title="bbox 594 3779 3658 3884; baseline -0.001 -28"><span class='ocrx_word' id='word_1_291' title='bbox 594 3782 766 3858; x_wconf 83' lang='lat' dir='ltr'>tices</span> <span class='ocrx_word' id='word_1_292' title='bbox 820 3783 933 3857; x_wconf 86' lang='lat' dir='ltr'>his</span> <span class='ocrx_word' id='word_1_293' title='bbox 980 3783 1238 3858; x_wconf 90' lang='lat' dir='ltr'>nostris</span> <span class='ocrx_word' id='word_1_294' title='bbox 1290 3783 1723 3882; x_wconf 85' lang='lat' dir='ltr'>temporibus</span> <span class='ocrx_word' id='word_1_295' title='bbox 1772 3808 2031 3884; x_wconf 82' lang='lat' dir='ltr'>magna</span> <span class='ocrx_word' id='word_1_296' title='bbox 2088 3793 2194 3858; x_wconf 90' lang='lat' dir='ltr'>est</span> <span class='ocrx_word' id='word_1_297' title='bbox 2240 3785 2392 3860; x_wconf 89' lang='lat' dir='ltr'>laus</span> <span class='ocrx_word' id='word_1_298' title='bbox 2445 3793 2516 3860; x_wconf 88' lang='lat' dir='ltr'>et</span> <span class='ocrx_word' id='word_1_299' title='bbox 2567 3784 2960 3858; x_wconf 87' lang='lat' dir='ltr'>auctoritas.</span> <span class='ocrx_word' id='word_1_300' title='bbox 3060 3783 3149 3856; x_wconf 91' lang='lat' dir='ltr'>In</span> <span class='ocrx_word' id='word_1_301' title='bbox 3197 3805 3352 3856; x_wconf 90' lang='lat' dir='ltr'>eam</span> <span class='ocrx_word' id='word_1_302' title='bbox 3399 3779 3658 3854; x_wconf 88' lang='lat' dir='ltr'>multos</span> 
     </span>
     <span class='ocr_line' id='line_1_28' title="bbox 596 3900 3657 3994; baseline -0.002 -15"><span class='ocrx_word' id='word_1_303' title='bbox 596 3904 931 3979; x_wconf 89' lang='lat' dir='ltr'>audimus</span> <span class='ocrx_word' id='word_1_304' title='bbox 976 3903 1305 3978; x_wconf 87' lang='lat' dir='ltr'>iurantes.</span> <span class='ocrx_word' id='word_1_305' title='bbox 1409 3904 1555 3978; x_wconf 90' lang='lat' dir='ltr'>Ubi</span> <span class='ocrx_word' id='word_1_306' title='bbox 1604 3903 1839 3978; x_wconf 85' lang='lat' dir='ltr'>critica</span> <span class='ocrx_word' id='word_1_307' title='bbox 1856 3961 1877 3992; x_wconf 91' lang='lat'><em>,</em></span> <span class='ocrx_word' id='word_1_308' title='bbox 1927 3904 2265 3978; x_wconf 88' lang='lat' dir='ltr'>recentior</span> <span class='ocrx_word' id='word_1_309' title='bbox 2319 3904 2578 3980; x_wconf 88' lang='lat' dir='ltr'>scilicet</span> <span class='ocrx_word' id='word_1_310' title='bbox 2592 3963 2612 3994; x_wconf 89' lang='lat'><em>,</em></span> <span class='ocrx_word' id='word_1_311' title='bbox 2664 3903 2896 3978; x_wconf 87' lang='lat' dir='ltr'>locuta</span> <span class='ocrx_word' id='word_1_312' title='bbox 2935 3911 3046 3978; x_wconf 91' lang='lat' dir='ltr'>est</span> <span class='ocrx_word' id='word_1_313' title='bbox 3061 3961 3082 3992; x_wconf 94' lang='lat'>‚</span> <span class='ocrx_word' id='word_1_314' title='bbox 3129 3901 3234 3977; x_wconf 92' lang='lat' dir='ltr'>ibi</span> <span class='ocrx_word' id='word_1_315' title='bbox 3273 3900 3657 3977; x_wconf 85' lang='lat' dir='ltr'>conclama-</span> 
     </span>
    </p>
   </div>
   <div class='ocr_carea' id='block_1_4' title="bbox 598 4073 1137 4088">
    <p class='ocr_par' dir='ltr' id='par_1_8' title="bbox 598 4073 1137 4088">
     <span class='ocr_line' id='line_1_29' title="bbox 598 4073 1137 4088; baseline 0 1961"><span class='ocrx_word' id='word_1_316' title='bbox 598 4073 1137 4088; x_wconf 95' lang='lat' dir='ltr'> </span> 
     </span>
    </p>
   </div>
   <div class='ocr_carea' id='block_1_5' title="bbox 596 4137 3664 4836">
    <p class='ocr_par' dir='ltr' id='par_1_9' title="bbox 596 4137 3664 4630">
     <span class='ocr_line' id='line_1_30' title="bbox 682 4137 3664 4225; baseline 0 -28"><span class='ocrx_word' id='word_1_317' title='bbox 682 4139 728 4220; x_wconf 73' lang='lat'>²)</span> <span class='ocrx_word' id='word_1_318' title='bbox 776 4139 929 4198; x_wconf 84' lang='lat' dir='ltr'>Ven.</span> <span class='ocrx_word' id='word_1_319' title='bbox 970 4155 1203 4200; x_wconf 73' lang='lat' dir='ltr'>numm</span> <span class='ocrx_word' id='word_1_320' title='bbox 1248 4157 1407 4202; x_wconf 74' lang='lat' dir='ltr'>mm</span> <span class='ocrx_word' id='word_1_321' title='bbox 1449 4142 1490 4201; x_wconf 88' lang='lat'>1.</span> <span class='ocrx_word' id='word_1_322' title='bbox 1526 4143 1567 4202; x_wconf 92' lang='lat'>1.</span> <span class='ocrx_word' id='word_1_323' title='bbox 1598 4165 1655 4225; x_wconf 88' lang='lat' dir='ltr'>p.</span> <span class='ocrx_word' id='word_1_324' title='bbox 1690 4145 1805 4208; x_wconf 78' lang='grc'>’100</span> <span class='ocrx_word' id='word_1_325' title='bbox 1824 4167 1843 4205; x_wconf 69' lang='grc' dir='ltr'><em>ε</em></span> <span class='ocrx_word' id='word_1_326' title='bbox 1901 4145 2113 4206; x_wconf 75' lang='lat' dir='ltr'>nNiets</span> <span class='ocrx_word' id='word_1_327' title='bbox 2156 4165 2263 4206; x_wconf 82' lang='lat' dir='ltr'>van</span> <span class='ocrx_word' id='word_1_328' title='bbox 2302 4143 2389 4206; x_wconf 80' lang='lat' dir='ltr'>dit</span> <span class='ocrx_word' id='word_1_329' title='bbox 2429 4147 2566 4206; x_wconf 72' lang='lat' dir='ltr'>alles</span> <span class='ocrx_word' id='word_1_330' title='bbox 2607 4147 2794 4207; x_wconf 80' lang='lat' dir='ltr'>neemt</span> <span class='ocrx_word' id='word_1_331' title='bbox 2834 4161 2982 4221; x_wconf 77' lang='lat' dir='ltr'>weg,</span> <span class='ocrx_word' id='word_1_332' title='bbox 3025 4141 3122 4204; x_wconf 87' lang='lat' dir='ltr'>dat</span> <span class='ocrx_word' id='word_1_333' title='bbox 3160 4140 3232 4202; x_wconf 87' lang='lat' dir='ltr'>de</span> <span class='ocrx_word' id='word_1_334' title='bbox 3270 4140 3527 4202; x_wconf 79' lang='lat' dir='ltr'>Christus</span> <span class='ocrx_word' id='word_1_335' title='bbox 3565 4137 3664 4198; x_wconf 87' lang='lat' dir='ltr'>der</span> 
     </span>
     <span class='ocr_line' id='line_1_31' title="bbox 598 4240 3664 4328; baseline -0.001 -26"><span class='ocrx_word' id='word_1_336' title='bbox 598 4241 1032 4320; x_wconf 81' lang='lat' dir='ltr'>evangeliesche</span> <span class='ocrx_word' id='word_1_337' title='bbox 1084 4242 1467 4320; x_wconf 81' lang='lat' dir='ltr'>geschiedenis</span> <span class='ocrx_word' id='word_1_338' title='bbox 1515 4265 1619 4306; x_wconf 87' lang='lat' dir='ltr'>ons</span> <span class='ocrx_word' id='word_1_339' title='bbox 1660 4249 2176 4328; x_wconf 82' lang='lat' dir='ltr'>ontegenzeggelijk</span> <span class='ocrx_word' id='word_1_340' title='bbox 2216 4268 2285 4309; x_wconf 84' lang='lat' dir='ltr'>en</span> <span class='ocrx_word' id='word_1_341' title='bbox 2324 4248 2412 4327; x_wconf 75' lang='lat' dir='ltr'>bij</span> <span class='ocrx_word' id='word_1_342' title='bbox 2449 4243 2906 4310; x_wconf 85' lang='lat' dir='ltr'>uitnemendheid</span> <span class='ocrx_word' id='word_1_343' title='bbox 2943 4245 3024 4305; x_wconf 82' lang='lat' dir='ltr'>als</span> <span class='ocrx_word' id='word_1_344' title='bbox 3063 4263 3167 4306; x_wconf 85' lang='lat' dir='ltr'>een</span> <span class='ocrx_word' id='word_1_345' title='bbox 3207 4240 3664 4304; x_wconf 84' lang='lat' dir='ltr'>Wonderdoener</span> 
     </span>
     <span class='ocr_line' id='line_1_32' title="bbox 598 4342 3662 4428; baseline -0.001 -24"><span class='ocrx_word' id='word_1_346' title='bbox 598 4343 775 4404; x_wconf 83' lang='lat' dir='ltr'>wordt</span> <span class='ocrx_word' id='word_1_347' title='bbox 832 4345 1204 4421; x_wconf 79' lang='lat' dir='ltr'>voorgesteld.</span> <span class='ocrx_word' id='word_1_348' title='bbox 1286 4347 1355 4406; x_wconf 90' lang='lat' dir='ltr'>In</span> <span class='ocrx_word' id='word_1_349' title='bbox 1412 4365 1686 4426; x_wconf 76' lang='lat' dir='ltr'>verreweg</span> <span class='ocrx_word' id='word_1_350' title='bbox 1735 4349 1807 4410; x_wconf 90' lang='lat' dir='ltr'>de</span> <span class='ocrx_word' id='word_1_351' title='bbox 1854 4356 2064 4411; x_wconf 86' lang='lat' dir='ltr'>meeste</span> <span class='ocrx_word' id='word_1_352' title='bbox 2120 4352 2373 4428; x_wconf 68' lang='lat' dir='ltr'>gerallen</span> <span class='ocrx_word' id='word_1_353' title='bbox 2427 4350 2479 4411; x_wconf 88' lang='lat' dir='ltr'>is</span> <span class='ocrx_word' id='word_1_354' title='bbox 2519 4370 2580 4411; x_wconf 88' lang='lat' dir='ltr'>er</span> <span class='ocrx_word' id='word_1_355' title='bbox 2621 4350 2766 4410; x_wconf 84' lang='lat' dir='ltr'>niets</span> <span class='ocrx_word' id='word_1_356' title='bbox 2802 4346 3198 4425; x_wconf 81' lang='lat' dir='ltr'>kleingeestigs</span> <span class='ocrx_word' id='word_1_357' title='bbox 3235 4347 3296 4406; x_wconf 77' lang='lat' dir='ltr'>ot</span> <span class='ocrx_word' id='word_1_358' title='bbox 3335 4343 3559 4405; x_wconf 82' lang='lat' dir='ltr'>onedels</span> <span class='ocrx_word' id='word_1_359' title='bbox 3599 4342 3662 4401; x_wconf 88' lang='lat' dir='ltr'>in</span> 
     </span>
     <span class='ocr_line' id='line_1_33' title="bbox 598 4441 3662 4534; baseline 0 -28"><span class='ocrx_word' id='word_1_360' title='bbox 598 4447 669 4507; x_wconf 85' lang='lat' dir='ltr'>de</span> <span class='ocrx_word' id='word_1_361' title='bbox 720 4447 1008 4526; x_wconf 79' lang='lat' dir='ltr'>gedaante</span> <span class='ocrx_word' id='word_1_362' title='bbox 1063 4447 1375 4518; x_wconf 72' lang='lat' dir='ltr'>waaronder</span> <span class='ocrx_word' id='word_1_363' title='bbox 1427 4449 1512 4528; x_wconf 88' lang='lat' dir='ltr'>hij</span> <span class='ocrx_word' id='word_1_364' title='bbox 1567 4450 1700 4512; x_wconf 85' lang='lat' dir='ltr'>daar</span> <span class='ocrx_word' id='word_1_365' title='bbox 1754 4451 1835 4511; x_wconf 81' lang='lat' dir='ltr'>als</span> <span class='ocrx_word' id='word_1_366' title='bbox 1881 4451 2156 4530; x_wconf 78' lang='lat' dir='ltr'>zoodanig</span> <span class='ocrx_word' id='word_1_367' title='bbox 2194 4450 2480 4534; x_wconf 85' lang='lat' dir='ltr'>optreedt:</span> <span class='ocrx_word' id='word_1_368' title='bbox 2537 4471 2638 4512; x_wconf 86' lang='lat' dir='ltr'>een</span> <span class='ocrx_word' id='word_1_369' title='bbox 2677 4455 2981 4512; x_wconf 84' lang='lat' dir='ltr'>toovenaar</span> <span class='ocrx_word' id='word_1_370' title='bbox 3007 4449 3109 4527; x_wconf 61' lang='lat' dir='ltr'>ja,</span> <span class='ocrx_word' id='word_1_371' title='bbox 3150 4467 3302 4508; x_wconf 81' lang='lat' dir='ltr'>mear</span> <span class='ocrx_word' id='word_1_372' title='bbox 3341 4463 3443 4506; x_wconf 84' lang='lat' dir='ltr'>een</span> <span class='ocrx_word' id='word_1_373' title='bbox 3485 4441 3662 4520; x_wconf 76' lang='lat' dir='ltr'>heilig</span> 
     </span>
     <span class='ocr_line' id='line_1_34' title="bbox 596 4545 2736 4630; baseline 0.002 -20"><span class='ocrx_word' id='word_1_374' title='bbox 596 4556 947 4624; x_wconf 69' lang='lat' dir='ltr'>wovenaar,</span> <span class='ocrx_word' id='word_1_375' title='bbox 988 4551 1083 4611; x_wconf 77' lang='lat' dir='ltr'>vol</span> <span class='ocrx_word' id='word_1_376' title='bbox 1120 4551 1397 4629; x_wconf 85' lang='lat' dir='ltr'>majesteit</span> <span class='ocrx_word' id='word_1_377' title='bbox 1437 4573 1508 4612; x_wconf 86' lang='lat' dir='ltr'>en</span> <span class='ocrx_word' id='word_1_378' title='bbox 1548 4553 1981 4630; x_wconf 77' lang='lat' dir='ltr'>waardigheid.”</span> <span class='ocrx_word' id='word_1_379' title='bbox 2731 4545 2736 4552; x_wconf 62' lang='grc'>’</span> 
     </span>
    </p>

    <p class='ocr_par' dir='ltr' id='par_1_10' title="bbox 599 4647 3661 4836">
     <span class='ocr_line' id='line_1_35' title="bbox 686 4647 3661 4735; baseline -0.006 -9"><span class='ocrx_word' id='word_1_380' title='bbox 686 4651 919 4735; x_wconf 63' lang='grc' dir='ltr'><strong>’(Ηθῐ)</strong></span> <span class='ocrx_word' id='word_1_381' title='bbox 970 4651 1027 4712; x_wconf 74' lang='lat' dir='ltr'>is</span> <span class='ocrx_word' id='word_1_382' title='bbox 1081 4652 1291 4730; x_wconf 79' lang='lat' dir='ltr'>noodig</span> <span class='ocrx_word' id='word_1_383' title='bbox 1346 4651 1442 4714; x_wconf 80' lang='lat' dir='ltr'>dat</span> <span class='ocrx_word' id='word_1_384' title='bbox 1488 4673 1617 4716; x_wconf 85' lang='lat' dir='ltr'>men</span> <span class='ocrx_word' id='word_1_385' title='bbox 1664 4655 1775 4716; x_wconf 87' lang='lat' dir='ltr'>den</span> <span class='ocrx_word' id='word_1_386' title='bbox 1812 4653 2265 4717; x_wconf 82' lang='lat' dir='ltr'>Menschenzoon</span> <span class='ocrx_word' id='word_1_387' title='bbox 2288 4699 2307 4717; x_wconf 92' lang='lat'><em>.</em></span> <span class='ocrx_word' id='word_1_388' title='bbox 2328 4697 2347 4717; x_wconf 91' lang='lat'><strong>.</strong></span> <span class='ocrx_word' id='word_1_389' title='bbox 2370 4698 2388 4716; x_wconf 87' lang='lat'><strong>.</strong></span> <span class='ocrx_word' id='word_1_390' title='bbox 2413 4699 2431 4718; x_wconf 90' lang='lat'><strong>.</strong></span> <span class='ocrx_word' id='word_1_391' title='bbox 2472 4654 2694 4716; x_wconf 83' lang='lat' dir='ltr'>scheide</span> <span class='ocrx_word' id='word_1_392' title='bbox 2733 4674 2841 4715; x_wconf 83' lang='lat' dir='ltr'>vau</span> <span class='ocrx_word' id='word_1_393' title='bbox 2881 4651 2990 4714; x_wconf 88' lang='lat' dir='ltr'>den</span> <span class='ocrx_word' id='word_1_394' title='bbox 3029 4651 3429 4728; x_wconf 82' lang='lat' dir='ltr'>Thaumaturg.</span> <span class='ocrx_word' id='word_1_395' title='bbox 3487 4647 3661 4709; x_wconf 85' lang='lat' dir='ltr'>Want</span> 
     </span>
     <span class='ocr_line' id='line_1_36' title="bbox 599 4752 2903 4836; baseline 0.001 -20"><span class='ocrx_word' id='word_1_396' title='bbox 599 4752 733 4816; x_wconf 67' lang='lat' dir='ltr'>deae</span> <span class='ocrx_word' id='word_1_397' title='bbox 772 4754 827 4814; x_wconf 81' lang='lat' dir='ltr'>is</span> <span class='ocrx_word' id='word_1_398' title='bbox 870 4754 1003 4828; x_wconf 86' lang='lat' dir='ltr'>het,</span> <span class='ocrx_word' id='word_1_399' title='bbox 1048 4773 1119 4814; x_wconf 86' lang='lat' dir='ltr'>en</span> <span class='ocrx_word' id='word_1_400' title='bbox 1160 4773 1303 4832; x_wconf 82' lang='lat' dir='ltr'>geen</span> <span class='ocrx_word' id='word_1_401' title='bbox 1340 4755 1547 4835; x_wconf 85' lang='lat' dir='ltr'>ander,</span> <span class='ocrx_word' id='word_1_402' title='bbox 1584 4756 1713 4819; x_wconf 86' lang='lat' dir='ltr'>dien</span> <span class='ocrx_word' id='word_1_403' title='bbox 1756 4756 1827 4819; x_wconf 89' lang='lat' dir='ltr'>de</span> <span class='ocrx_word' id='word_1_404' title='bbox 1866 4757 1985 4821; x_wconf 83' lang='lat' dir='ltr'>vier</span> <span class='ocrx_word' id='word_1_405' title='bbox 2025 4758 2349 4836; x_wconf 57' lang='lat' dir='ltr'>evangeliza</span> <span class='ocrx_word' id='word_1_406' title='bbox 2387 4776 2494 4818; x_wconf 80' lang='lat' dir='ltr'>ons</span> <span class='ocrx_word' id='word_1_407' title='bbox 2533 4753 2903 4818; x_wconf 84' lang='lat' dir='ltr'>schilderen.”</span> 
     </span>
    </p>
   </div>
  </div>
 </body>
</html>
