4730 6049
1846 640 2406 711 ORATIO.
3569 644 3654 708 77

594 848 769 951 legis
808 856 1051 924 contra
1093 848 1625 927 calumniatores
1672 848 2177 948 verborumque
2226 857 2610 948 captatores
2657 858 2968 925 tueretur
2982 908 3002 937 ,
3051 858 3482 949 promoveret
3502 905 3520 936 ‚
3571 872 3652 923 ac

596 969 1036 1058 defenderet3
1106 976 1389 1069 tamque
1459 969 1645 1046 felici
1714 977 1971 1045 eventu
2030 994 2178 1045 rem
2244 969 2392 1069 egit
2449 979 2532 1045 ut
2582 970 2771 1069 ipsos
2819 968 3242 1045 adversarios
3297 969 3370 1042 in
3423 976 3652 1067 partes

598 1114 761 1167 suas
798 1088 1250 1189 pertraheret.

692 1208 919 1283 Cuius
982 1232 1203 1307 quum
1268 1208 1409 1283 iam
1484 1232 1671 1283 mors
1733 1208 2109 1283 immatura
2168 1216 2243 1282 et
2300 1208 2774 1309 inexspectata
2823 1230 3097 1283 summo
3145 1230 3447 1283 maerore
3487 1206 3651 1281 affe-

598 1328 767 1404 cerit
831 1327 1204 1428 plurimos,
1273 1327 1891 1427 iurisprudentiam
1958 1352 2117 1403 vero
2177 1329 2476 1428 patriam
2539 1328 2817 1429 egregio
2889 1325 3234 1402 orbaverit
3301 1326 3610 1401 antistite
3631 1384 3652 1414 ,

598 1447 789 1523 nullo
847 1472 1013 1522 sane
1060 1447 1509 1547 splendidiori
1560 1454 2013 1522 monumento
2064 1454 2395 1547 tantoque
2444 1448 2588 1523 viro
2644 1448 2867 1548 magis
2915 1447 3166 1547 digno,
3215 1447 3348 1521 coli
3399 1446 3656 1546 poterit

599 1567 715 1667 pia
760 1566 913 1642 eius
957 1567 1288 1643 memoria
1308 1624 1329 1657 ,
1381 1590 1597 1666 quam
1618 1576 1717 1641 ut
1768 1567 2075 1667 vestigiis
2118 1567 2269 1643 eius
2302 1568 2689 1658 insistendo
2707 1626 2728 1659 ,
2779 1592 2959 1667 opus
3005 1567 3093 1643 ab
3129 1567 3253 1647 illo
3295 1566 3652 1666 inceptum

598 1686 1055 1785 perficiamus.
1186 1686 1399 1766 Quod
1472 1685 1755 1786 quidem
1828 1693 1912 1761 ut
1967 1686 2139 1761 mihi
2214 1688 2428 1763 etiam
2501 1688 2747 1763 datum
2821 1688 2950 1776 sit,
3017 1687 3189 1762 faxit
3249 1684 3684 1785 disciplinae

600 1814 873 1881 nostrae
914 1830 1109 1881 amor
1124 1865 1146 1895 ,
1198 1813 1543 1881 sustentet
1590 1814 1663 1881 et
1712 1806 2071 1881 confirmet
2114 1814 2313 1906 grata
2362 1807 2736 1885 desiderati
2779 1806 3024 1906 capitis
3067 1805 3444 1883 recordatio
3465 1864 3483 1893 ,
3533 1805 3653 1879 be-

599 1924 811 2025 nigne
858 1925 1143 2002 adiuvet
1188 1927 1421 2001 Deusl

606 2234 615 2241 .
696 2166 948 2265 Itaque
1006 2165 1067 2239 si
1125 2173 1430 2254 constat,
1502 2166 1610 2240 vel
1672 2166 2017 2265 hodieque
2084 2166 2257 2241 scire
2321 2165 2512 2265 leges
2574 2190 2716 2241 non
2779 2167 2908 2241 hoc
2953 2190 3109 2241 esse
3160 2163 3368 2240 verba
3417 2186 3658 2239 earum

600 2292 834 2361 tenere
890 2284 1014 2358 sed
1062 2284 1203 2359 vim
1250 2309 1333 2360 ac
1370 2292 1823 2385 potestatem3
1874 2286 1936 2361 si
1978 2294 2285 2361 mentem
2330 2310 2384 2361 s.
2431 2286 2845 2362 sententiam
2887 2286 3062 2385 legis
3103 2285 3454 2385 explorare
3489 2283 3658 2359 iuris

604 2405 811 2481 etiam
882 2404 1197 2480 hodierni
1272 2404 1491 2479 civilis
1554 2405 1915 2505 interpreti
1984 2430 2339 2481 summum
2411 2430 2562 2481 esse
2628 2405 2876 2495 debet,
2945 2406 3350 2505 gravissima
3421 2414 3658 2479 tamen

602 2532 816 2599 restat
886 2524 1202 2623 quaestio
1220 2583 1242 2612 ‚
1316 2549 1457 2623 qua
1522 2526 1783 2601 ratione
1843 2527 1971 2601 hac
2037 2527 2111 2601 in
2172 2550 2247 2603 re
2308 2527 2563 2601 versari
2619 2526 2904 2615 debeat,
2975 2550 3061 2600 ex
3111 2548 3418 2625 quonam
3467 2524 3658 2599 fonte

601 2643 855 2719 mentis
902 2644 1091 2719 illius
1138 2645 1611 2742 cognitionem
1658 2654 1871 2745 petat.

696 2764 873 2838 Tota
920 2772 1161 2838 autem
1215 2764 1353 2838 huc
1392 2765 1537 2839 fere
1583 2766 1805 2840 redire
1850 2764 2124 2839 videtur
2162 2764 2281 2839 illa
2324 2763 2675 2863 quaestio:
2730 2772 2966 2838 utrum
3010 2790 3096 2838 ox
3146 2764 3297 2839 aliis
3345 2764 3656 2838 fontibus

603 2908 813 2982 quam
874 2909 963 2959 ea·
1024 2884 1175 2983 leffe
1230 2886 1385 2981 zpaa
1433 2886 1849 2961 sententiam
1898 2884 2071 2984 legis
2118 2894 2351 2982 petere
2401 2884 2625 2960 liceat.
2728 2884 2913 2959 Sunt
2959 2884 3084 2981 qui
3133 2894 3433 2983 negent,
3484 2884 3658 2982 logi-

603 3028 720 3086 cae
780 3003 1333 3103 interpretationi
1406 3004 1545 3078 vim
1603 3004 1987 3080 tribuentes
2047 3012 2394 3106 quatenus
2459 2988 2658 3080 mens
2716 3005 2890 3103 legis
2947 3031 3034 3080 θα*
3089 3006 3242 3103 ipsa
3299 3006 3444 3105 leffe
3499 3031 3656 3106 quo·

604 3126 791 3212 modo
850 3125 1150 3198 eruenda
1208 3126 1341 3212 sit,
1404 3123 1667 3199 doceat.
1752 3125 1875 3200 Uti
1922 3126 2255 3224 scriptum
2306 3149 2394 3200 ex
2443 3125 2696 3224 scripto
2715 3183 2734 3214 ‚
2787 3126 2886 3200 sic
2932 3126 3160 3222 legem
3203 3149 3290 3199 ex
3339 3126 3490 3224 lege
3538 3149 3655 3200 ex·

604 3242 999 3342 plicandam
1042 3267 1195 3318 esse
1242 3251 1547 3320 censent.
1650 3245 1811 3320 Sola
1852 3246 2003 3333 lex,
2056 3246 2153 3320 sic
2202 3246 2341 3335 illi,
2393 3246 2486 3320 ad
2535 3246 2790 3321 civium
2841 3245 3162 3320 notitiam
3203 3253 3310 3320 est
3357 3245 3657 3344 perlata,

606 3362 747 3438 sola
805 3363 959 3463 lege
1017 3362 1116 3437 ita
1167 3364 1605 3463 promulgata
1668 3365 2075 3464 legislatoris
2133 3367 2452 3442 voluntas
2499 3391 2678 3465 quae
2729 3367 2872 3442 sola
2913 3367 3096 3442 cives
3143 3365 3446 3464 obligat,
3497 3389 3656 3440 con-

606 3481 887 3575 tinetur.
990 3482 1180 3557 Hinc
1222 3484 1457 3558 omnia
1505 3509 1685 3584 quae
1730 3494 1923 3562 extra
1962 3487 2137 3586 legis
2191 3487 2371 3561 fines
2415 3487 2546 3560 sita
2587 3503 2756 3562 sunt
2795 3494 2950 3560 tuto
2999 3486 3342 3584 ignorant.
3533 3495 3542 3502 ’

699 3602 895 3678 Huic
953 3603 1461 3678 ratiocinationi
1519 3605 1785 3704 aliquid
1849 3606 1991 3679 veri
2048 3605 2273 3680 inesse
2340 3627 2546 3680 nemo
2607 3613 2716 3678 est
2779 3603 2905 3702 qui
2962 3610 3209 3702 neget,
3271 3602 3369 3674 ita
3425 3609 3660 3675 tamen

606 3721 797 3798 falsis
864 3724 1319 3798 commixtum
1377 3733 1459 3798 ut
1509 3725 1789 3800 admitti
1838 3724 2029 3800 haud
2072 3725 2330 3825 possit}
2383 3724 2948 3823 quandoquidem
2997 3730 3184 3796 recta
3227 3721 3665 3796 distinctione

604 3842 921 3940 neglecta
942 3901 963 3931 ,
1030 3867 1309 3918 omnem
1378 3843 1519 3920 fere
1578 3845 1872 3943 logicam
1930 3845 2570 3944 interpretationem
2625 3869 2835 3943 quam
2909 3843 3088 3918 tueri
3152 3867 3314 3940 prae
3367 3867 3444 3917 se
3489 3843 3624 3916 fert
3645 3900 3664 3931 ,

604 3977 843 4061 reapse
891 3963 1091 4037 tollit.
1193 3963 1456 4038 Verum
1504 3965 1788 4039 omnino
1832 3974 1942 4040 est
1989 3965 2205 4040 solam
2252 3965 2478 4063 legem
2523 3963 3033 4063 promulgatam
3078 3962 3385 4062 obligare
3439 3963 3660 4050 cives3

606 4082 817 4159 huius
860 4091 1095 4158 tamen
1138 4084 1237 4158 rei
1284 4109 1493 4160 causa
1538 4085 1707 4162 haec
1754 4093 1861 4160 est
1907 4085 2097 4183 quod
2139 4083 2550 4182 legislatoris
2597 4085 3021 4159 voluntatem
3067 4084 3397 4161 continet.
3487 4083 3664 4155 Huic

607 4205 943 4278 voluntati
975 4184 1156 4277 cives
1197 4204 1491 4302 obsequi
1528 4214 1886 4293 tenentur-3
1934 4205 2114 4279 hanc
2148 4203 2367 4303 igitur
2407 4204 2831 4279 voluntatem
2875 4229 2963 4278 ex
3004 4203 3230 4278 verbis
3267 4202 3524 4301 quibus
3555 4202 3666 4274 lex

606 4331 943 4422 concepta
994 4333 1101 4398 est
1123 4382 1144 4412 ,
1206 4348 1447 4400 eruere
1498 4325 1662 4400 boni
1704 4325 2099 4423 interpretis
2142 4334 2269 4400 est.
2370 4324 2513 4399 Hic
2559 4323 2864 4424 profecto
2887 4382 2907 4412 ,
2957 4323 3064 4397 uti
3109 4323 3200 4396 ad
3247 4319 3660 4394 sententiam

610 4467 793 4540 quae
832 4467 995 4518 eum
1040 4444 1265 4518 verbis
1300 4445 1495 4520 nullo
1536 4445 1745 4520 modo
1784 4439 2129 4520 conciliari
2165 4451 2396 4542 potest
2431 4443 2686 4520 frustra
2725 4450 3086 4543 provocat,
3127 4441 3226 4515 ita
3263 4448 3493 4512 tamen
3547 4460 3659 4509 vo-

610 4563 955 4638 luntatem
994 4562 1187 4639 illam
1234 4565 1445 4639 etiam
1490 4566 1857 4665 explanare
1900 4564 2139 4653 debet,
2190 4589 2412 4662 quum
2456 4564 2662 4639 verba
2700 4563 2872 4662 legis
2899 4562 3237 4662 incertum
3263 4580 3426 4631 eum
3457 4555 3660 4630 relin-

610 4689 865 4777 quunt.
968 4685 1133 4760 Quo
1177 4683 1395 4782 igitur
1441 4685 1649 4761 modo
1688 4693 1855 4760 tunc
1898 4709 2157 4783 quaeso
2210 4710 2296 4759 ex
2350 4685 2495 4760 sola
2545 4684 2698 4782 lege
2748 4679 3159 4757 sententiam
3205 4676 3502 4750 efficiet?

708 4799 969 4875 Verbis
1035 4800 1392 4878 inhaerere
1456 4829 1678 4904 quum
1744 4805 1937 4882 nefas
2004 4805 2127 4894 sit,
2194 4803 2283 4880 ad
2336 4807 2666 4879 rationem
2713 4801 2887 4898 legis
2937 4799 3080 4879 iam.
3125 4803 3496 4896 provocant
3541 4794 3660 4869 ad-
