4730 6049
934 631 1073 698 .6o
1824 627 3178 698 1.E.G0unsmnr0RATIQ

984 845 1059 914 et
1126 862 1403 912 summo
1467 837 1782 914 omnium
1835 835 2178 936 applausu
2195 894 2216 926 ,
2282 843 2524 926 contra
2571 837 3066 936 respondentes
3117 835 3522 913 defenderes
3571 838 4044 916 doctissimam

988 967 1189 1034 tuam
1242 957 1331 1032 de
1379 957 1825 1057 obligatione
1878 955 2203 1033 Naturali
2250 955 2804 1032 dissertationem
2824 1015 2846 1046 ,
2895 967 2968 1032 et
3014 980 3362 1034 assumus
3411 965 3646 1034 noster
3692 959 4048 1060 eloquenti

988 1103 1203 1179 quam
1265 1076 1513 1153 habuit
1568 1077 1875 1153 oratione
1894 1135 1915 1165 ,
1968 1084 2125 1150 tuas
2166 1067 2592 1174 praedicaret
2635 1076 2876 1152 laudes
2931 1084 3004 1151 et
3052 1101 3328 1153 summa
3371 1079 3606 1154 omnia
3650 1079 3736 1154 de
3779 1089 3850 1157 te
3899 1079 4044 1180 pol-

989 1199 1310 1274 liceretur
1327 1231 1347 1286 ;
1413 1222 1625 1297 quam
1688 1222 1883 1296 spem
1952 1205 2025 1270 te
2092 1219 2233 1269 non
2292 1194 2650 1284 fefellisse,
2715 1219 2958 1270 omnes
3013 1196 3278 1288 sciunt,
3351 1198 3476 1296 qui
3521 1197 3596 1272 in
3643 1197 3855 1273 literis
3901 1223 4048 1274 non

984 1319 1189 1424 plane
1236 1325 1403 1394 sunt
1452 1319 1781 1418 hospites.
1885 1317 2125 1390 Unum
2174 1314 2367 1414 quod
2410 1314 2610 1389 doleo
2655 1322 2727 1390 et
2772 1340 3048 1390 mecum
3099 1316 3338 1392 dolent
3377 1317 3584 1392 amici
3629 1318 4045 1408 Leidenses,

984 1437 1117 1513 hoc
1160 1446 1305 1527 est,
1346 1447 1417 1513 te
1465 1462 1607 1513 non
1650 1437 2015 1512 nobiscum
2066 1435 2315 1510 morari
2356 1433 2586 1534 neque
2623 1459 2752 1510 nos
2792 1435 2902 1510 uti
2939 1437 3276 1512 suavitate
3298 1438 3634 1514 sermonis
3659 1446 3732 1512 et
3755 1463 4046 1514 consue-

983 1558 1251 1633 tudinis
1291 1566 1471 1634 tuae.
1549 1557 1691 1633 Sed
1732 1581 1833 1632 ne>
1859 1555 2296 1631 invideamus
2316 1554 2738 1630 Academiae
2767 1555 3258 1632 Ultraiectinae
3279 1567 3766 1633 ornamentum
3794 1584 4044 1648 suum;

986 1685 1312 1777 optemus
1367 1679 1603 1777 potius
1664 1686 1745 1752 ut
1801 1677 1979 1752 vires
2030 1685 2192 1751 tuae
2237 1700 2438 1774 pares
2477 1684 2808 1750 maneant
2850 1675 3046 1776 gravi
3093 1677 3282 1776 quod
3331 1701 3590 1777 magno
3633 1703 3797 1753 cum
3841 1677 4046 1753 disci-

983 1797 1309 1896 pulorum
1360 1807 1639 1873 tuorum
1684 1798 1917 1874 fructu
1935 1854 1956 1886 ,
2008 1796 2311 1870 sustines
2354 1796 2628 1871 muneri
2668 1794 2930 1894 diuque
2975 1804 3046 1870 te
3089 1819 3218 1870 nos
3259 1795 3637 1895 gloriemur
3687 1798 3946 1876 amicol

1085 1917 1615 1993 commilitones
1668 1915 2287 1994 Praestantissimil
2363 1916 2664 1991 Iuvenes
2725 1917 3206 1992 ornatissimi!
3277 1917 3540 1992 ratione
3608 1926 3834 1992 vestra
3875 1915 4052 1991 mihi

984 2039 1317 2138 contigit,
1368 2039 1559 2137 quod
1610 2063 1746 2114 non
1796 2063 2001 2136 saepe
2049 2037 2221 2112 aliis.
2248 2065 2261 2076 ·
2288 2035 2524 2136 Vulgo
2569 2037 2692 2135 qui
2739 2061 2856 2111 vos
2899 2036 3142 2112 doceat
3185 2045 3396 2134 atque
3437 2041 3773 2126 instruat,
3823 2036 4050 2112 vocari

986 2157 1161 2232 solet
1204 2159 1299 2246 is,
1352 2183 1563 2257 quem
1613 2159 1933 2258 quamvis
1978 2158 2299 2257 plurimis
2344 2157 2498 2231 aliis
2541 2157 2942 2231 nominibus
2993 2181 3140 2231 sese
3198 2157 3675 2246 commendet,
3727 2158 3845 2232 alii
3898 2181 4046 2232 ves-

986 2286 1178 2353 trum
1228 2303 1615 2377 numquam
1664 2279 1934 2354 vidistis
1955 2338 1975 2367 ‚
2028 2278 2115 2351 de
2162 2301 2303 2376 quo
2348 2276 2467 2350 alii
2519 2301 2608 2351 ne
2659 2277 2872 2352 fando
2909 2275 3195 2375 quidem
3233 2276 3616 2352 audivistis.
3715 2277 3870 2376 Ego
3917 2277 4050 2352 hoc

983 2397 1058 2471 in
1136 2397 1440 2472 maxima
1510 2423 1703 2472 meae
1774 2395 2121 2472 felicitatis
2193 2403 2390 2494 pai-te
2449 2393 2630 2469 duco
2651 2453 2671 2482 ,
2735 2395 2926 2494 quod
2983 2419 3124 2470 non
3187 2403 3462 2470 tantum
3517 2395 3712 2470 vobis
3753 2421 3893 2471 non
3938 2396 4044 2471 in-

981 2516 1303 2616 cognitus
1372 2517 1526 2592 veni
1546 2576 1567 2606 ,
1634 2516 1759 2592 scd
1812 2516 2003 2616 quod
2057 2514 2275 2590 maior
2325 2514 2508 2590 vitae
2563 2539 2758 2590 meae
2805 2539 2964 2614 pars
3013 2523 3282 2590 versata
3328 2514 3464 2590 fuit
3515 2514 3589 2590 in
3637 2515 4052 2592 instruenda

980 2637 1345 2711 iuventute
1416 2636 1999 2736 iurisprudentiae
2066 2644 2251 2724 arte,
2324 2635 2497 2735 quin
2551 2635 3041 2710 nonnullorum
3103 2645 3409 2710 vestrum
3455 2636 3581 2734 qui
3632 2635 3745 2710 hic
3787 2635 4050 2710 adestis

980 2755 1211 2831 studia
1231 2815 1251 2845 ,
1314 2756 1454 2831 iam
1519 2757 1839 2856 privatim
1889 2755 2186 2854 dirigere
2236 2779 2596 2855 coeperam
2611 2813 2634 2844 ,
2683 2755 2782 2832 ita
2845 2762 2924 2830 ut
2979 2779 3141 2830 cum
3207 2754 3351 2844 his,
3403 2763 3486 2830 ut
3515 2756 3668 2830 ·Icti
3717 2756 4048 2854 praescri-

983 2874 1146 2951 bere
1194 2876 1457 2964 solent,
1526 2878 1609 2950 de
1653 2879 1886 2950 eadem
1941 2902 2021 2950 re
2059 2877 2200 2949 alio
2249 2879 2458 2951 modo,
2559 2875 2812 2974 Neque
2859 2874 3155 2951 credatis
3201 2875 3444 2964 velim,
3513 2899 3624 2950 me
3675 2877 3864 2974 quod
3913 2876 4052 2950 alio

979 2996 1187 3071 titulo
1250 2995 1549 3096 insignis
1616 3020 1731 3071 ero
1784 2995 2059 3095 alioque
2124 2994 2582 3096 nuncupabor
2636 2994 3084 3096 cognomine,
3151 2995 3384 3071 animo
3439 3019 3604 3095 erga
3656 3019 3775 3071 vos
3794 3056 3814 3085 ,
3863 3020 4048 3098 quos

980 3124 1264 3217 propter
1318 3141 1600 3191 morum
1672 3116 2087 3191 suavitatem
2154 3140 2460 3215 ergaque
2525 3125 3000 3215 praeceptores
3051 3115 3558 3191 observantiam
3611 3142 3886 3216 semper
3942 3116 4049 3191 di-

902 3266 913 3277 ·
984 3236 1161 3325 lexi,
1214 3261 1552 3335 umquam
1598 3244 1949 3313 mutatum
1992 3236 2099 3312 iri.
2166 3238 2307 3312 Ero
2352 3236 2477 3335 qui
2517 3236 2665 3327 fui,
2713 3261 2842 3311 nee
2886 3261 3202 3313 morosus
3245 3261 3374 3311 nec
3414 3237 3858 3337 importunus
3899 3261 4050 3311 ma-

986 3355 1203 3456 gister
1220 3413 1240 3444 ,
1316 3356 1439 3430 sed
1502 3356 1892 3431 studiorum
1957 3379 2212 3431 comes.
2292 3354 2460 3430 Hoc
2515 3355 2851 3444 interest,
2916 3356 3108 3455 quod
3165 3381 3209 3431 a
3253 3355 3644 3431 forensibus
3693 3356 4052 3432 laboribus

984 3475 1318 3550 immunis
1340 3535 1360 3565 ,
1425 3482 1613 3550 totus
1678 3476 1753 3550 in
1811 3500 1895 3550 eo
1955 3475 2303 3551 elaborare
2346 3482 2624 3575 potero,
2695 3482 2776 3549 ut
2824 3499 3032 3576 opera
3083 3502 3162 3551 ac
3213 3476 3446 3551 studio
3497 3500 3654 3552 meo
3709 3478 4052 3554 doctiores

988 3596 1138 3671 sitis
1208 3605 1281 3670 et
1348 3597 1657 3673 Ictorum
1720 3596 1999 3672 nomine
2044 3596 2211 3671 olim
2261 3595 2462 3696 digni
2512 3595 2928 3671 habeamini.
3002 3597 3245 3671 Unum
3291 3595 3471 3671 illud
3511 3622 3554 3671 a
3603 3595 3798 3671 vobis
3847 3598 4050 3673 enixe

986 3727 1187 3815 peto,
1239 3724 1319 3789 ut
1372 3718 1463 3791 ad
1512 3715 1923 3791 discendum
1973 3740 2126 3790 eam
2184 3716 2486 3792 afferatis
2541 3714 2972 3814 diligentiam
2994 3772 3014 3803 ,
3067 3716 3214 3791 sine
3265 3740 3404 3815 qua
3427 3776 3447 3806 ,
3497 3741 3705 3792 nemo
3731 3704 4066 3817 quamvis⁸

992 3834 1273 3935 ingenio
1302 3836 1568 3934 pollens
1589 3896 1609 3926 ,
1653 3836 1727 3911 in
1774 3835 2006 3934 aliqua
2054 3844 2200 3911 arte
2250 3835 2516 3935 aliquid
2556 3838 2892 3938 proficere*
2929 3836 3188 3935 possit;
3238 3860 3452 3936 quam
3504 3838 3565 3912 si
3606 3837 4052 3937 praestabitis

990 3979 1221 4055 neque
1268 3956 1572 4031 officium
1619 3963 1923 4031 vestrum
1963 3956 2291 4033 deseretis
2310 4014 2331 4045 ‚
2385 3980 2661 4031 summa
2707 3980 2822 4030 me
2863 3978 3021 4054 spes
3070 3964 3299 4045 tenet,
3349 3957 3494 4032 fore
3513 4016 3534 4045 ,
3591 3966 3672 4031 ut
3717 3982 3792 4033 re
3839 3980 4048 4056 expe-

990 4076 1267 4153 riamini
1286 4134 1307 4165 ,
1377 4076 1491 4150 vix
1553 4074 1817 4174 aliquid
1886 4101 2036 4151 esse
2059 4134 2079 4165 ‚
2156 4077 2347 4175 quod
2417 4083 2696 4150 tantum
2761 4074 2958 4149 vobis
3001 4074 3280 4183 fructus
3327 4085 3541 4175 atque
3593 4077 4054 4152 emolumenti

990 4196 1235 4273 afferre
1278 4196 1497 4297 possit
1517 4255 1538 4285 ‚
1587 4204 1932 4297 quantum
1983 4196 2580 4296 Iurisprudentiae
2621 4195 2980 4270 Romanae
3027 4195 3296 4271 notitia.
3395 4198 3646 4272 Precor
3689 4198 3783 4274 D.
3815 4198 3903 4273 Ο.
3937 4198 4046 4274 Μ.

990 4324 1107 4407 ut,
1153 4318 1333 4393 sicut
1378 4317 1575 4392 adest
1616 4317 1967 4405 voluntas,
2015 4315 2117 4391 ita
2160 4316 2335 4393 mihi
2377 4314 2778 4416 suppeditet
2819 4315 3027 4406 vires,
3077 4340 3306 4415 neque
3345 4342 3684 4417 umquam
3729 4316 4052 4393 dedecori

990 4438 1123 4515 sim
1168 4439 1603 4515 Academiae'
1634 4437 2319 4539 Lugduno·Batavae
2335 4495 2356 4525 ,
2419 4460 2632 4536 quam
2681 4434 2848 4510 olim
2897 4438 3166 4513 ornavit
3207 4438 3269 4511 is
3285 4496 3305 4527 ,
3356 4462 3566 4536 quem
3611 4462 3776 4513 cum
3815 4436 4050 4537 cogito

992 4565 1064 4633 et
1111 4584 1273 4635 cum
1322 4558 1791 4637 mediocritate
1838 4580 1996 4633 mea
2037 4579 2360 4655 comparo
2382 4614 2403 4646 ,
2453 4563 2603 4631 tota
2649 4562 2883 4631 mente
2937 4565 3010 4630 et
3056 4556 3384 4633 omnibus
3437 4557 3732 4633 artubus
3779 4564 4048 4631 contre-

988 4702 1239 4769 misco,
1290 4702 1495 4757 nuso
1543 4700 1951 4756 nonanus.

2391 4810 2648 4873 DIXL
