4730 6049
1860 667 2420 737 ORATIO.
3586 671 3673 740 57

706 875 1042 975 Superest
1105 883 1186 949 ιιι
1235 873 1464 964 vobis,
1531 875 1902 953 Curatores
1960 876 2433 978 Amplissimil
2486 883 2767 978 gratum
2821 878 3135 956 animum
3177 885 3423 968 tester,
3475 877 3665 978 quod

613 1004 874 1070 vestrae
947 994 1565 1084 commendationi,
1645 997 1788 1096 qua
1859 997 2037 1072 mihi
2109 997 2200 1073 ad
2277 998 2495 1099 Regis
2568 999 3077 1096 Angustissimi
3150 1001 3468 1076 notitiam
3534 999 3669 1074 iter

612 1114 1009 1214 aperuistis,
1075 1112 1151 1187 id
1211 1122 1574 1213 acceptum
1637 1115 1898 1206 refero,
1963 1118 2154 1216 quod
2209 1117 2383 1192 mihi
2439 1117 2791 1216 provincia
2850 1111 3144 1220 contigit
3190 1119 3507 1196 omnium
3548 1144 3665 1195 ex-

610 1235 1066 1335 optatissima.
1167 1235 1382 1313 Quod
1434 1233 1496 1308 si
1556 1235 1745 1311 enim
1802 1236 1915 1311 ius
1977 1237 2174 1312 civile
2238 1238 2482 1314 docere
2548 1262 2821 1338 semper
2862 1239 2998 1314 fuit
3052 1239 3513 1340 habitumque
3560 1245 3669 1314 est

610 1353 930 1455 pulcrum
946 1412 967 1443 ,
1035 1362 1192 1429 tum
1257 1377 1342 1428 eo
1403 1352 1579 1428 mihi
1639 1356 2082 1455 potissimum
2135 1358 2479 1457 gratulor,
2532 1359 2725 1457 quod
2770 1359 2907 1434 isto
2956 1383 3245 1434 munere
3295 1360 3549 1460 fungar
3592 1359 3667 1434 in

611 1474 740 1548 hac
795 1473 970 1548 urbe
1021 1474 1096 1548 in
1160 1497 1301 1574 qua
1357 1482 1567 1550 natus
1623 1471 1698 1549 et
1759 1476 2130 1566 educatus,
2195 1478 2270 1552 in
2307 1477 2461 1554 -hac
2523 1478 2902 1556 Academia
2960 1479 3035 1556 in
3088 1506 3229 1579 qua
3268 1479 3667 1570 institutus,

613 1615 752 1668 una
807 1619 970 1669 cum
1030 1602 1473 1694 praeceptore
1529 1597 2116 1672 aestumatissimo
2170 1624 2214 1672 a
2246 1622 2407 1696 -quo
2456 1595 2839 1674 instructus
2894 1623 3195 1699 cumque
3236 1599 3373 1675 illis
3412 1599 3672 1698 quibus

611 1713 954 1788 amicitiae
995 1713 1270 1789 vinculo
1311 1712 1724 1790 coniunctus
1769 1743 1950 1792 sum.

710 1832 914 1924 Quod
989 1858 1212 1909 unum
1273 1859 1398 1933 pro
1466 1835 1840 1910 honorifico
1911 1842 2134 1910 vestro
2195 1836 2284 1910 de
2355 1859 2471 1910 me
2540 1836 2936 1911 testimonio
3000 1843 3347 1936 praestare
3408 1838 3668 1937 possim

612 1953 942 2053 quodque
991 1979 1214 2029 unum
1263 1954 1392 2048 (sic
1433 1955 1608 2030 mihi
1651 1980 2060 2056 persuasum
2103 1962 2238 2049 est)
2291 1979 2334 2030 a
2378 1980 2491 2030 me
2532 1956 2865 2056 praestari
2913 1957 3160 2047 vultis,
3210 1958 3341 2032 hoc
3388 1965 3533 2048 est,
3586 1967 3667 2034 ιιι

613 2073 802 2148 omni
863 2098 996 2174 ope
1061 2075 1324 2163 enitar,
1395 2083 1475 2150 ut
1541 2075 1960 2150 conservetis
2027 2101 2238 2174 quam
2304 2075 2391 2150 de
2458 2100 2571 2150 me
2634 2077 3045 2178 concepistis
3090 2078 3488 2180 opinionem
3509 2138 3529 2169 ‚
3578 2104 3669 2156 ne

613 2202 876 2270 vestrae
927 2194 1545 2272 commendationis
1600 2220 1718 2272 vos
1767 2220 2105 2294 umquam
2166 2195 2545 2296 poeniteat.

710 2553 896 2628 Cum
963 2554 1053 2628 ad
1124 2577 1244 2628 vos
1309 2580 1424 2630 me
1480 2563 1802 2630 converto
1822 2614 1843 2644 ‚
1887 2556 1962 2629 in
2011 2537 2310 2654 quorum
2365 2565 2639 2632 coetum
2694 2580 3077 2656 congregor
3094 2615 3115 2645 ,
3163 2557 3265 2631 ita
3315 2581 3427 2631 me
3480 2557 3679 2656 copia

619 2672 778 2748 facit
817 2675 1099 2773 inopem
1123 2734 1144 2764 ,
1197 2683 1278 2749 ut
1325 2700 1537 2774 quem
1583 2683 1890 2751 vestrum
1932 2673 2280 2774 alloquar,
2333 2675 2595 2751 dubius
2643 2675 2984 2751 haeream.
3084 2677 3218 2751 Tot
3260 2675 3372 2751 hic
3416 2675 3675 2770 adestis

619 2815 776 2867 cum
841 2801 1316 2892 praeceptores
1336 2852 1356 2884 ,
1427 2818 1602 2894 quos
1659 2795 1776 2895 pio
1843 2796 2076 2870 animo
2149 2794 2296 2870 colo
2319 2854 2340 2884 ,
2416 2803 2573 2871 tum
2637 2793 2941 2870 fautores
2960 2855 2980 2886 ,
3056 2795 3300 2884 amici,
3380 2795 3672 2896 quibus·

617 2935 777 2987 cum
841 2912 1018 2986 mihi
1089 2923 1278 2990 arcta
1341 2923 1450 2990 est
1517 2915 1976 2991 necessitudo,
2077 2913 2429 3016 Ignoscite
2492 2939 2751 3017 quaeso
2810 2915 3017 3005 mihi,
3070 2916 3129 2990 si
3176 2915 3506 3016 temporis
3550 2941 3673 2991 an-

616 3032 867 3133 gustiis
929 3032 1312 3134 impeditus
1331 3095 1350 3125 ,
1431 3061 1673 3112 eorum
1749 3043 2027 3112 tantum
2101 3035 2537 3113 meminerim
2610 3036 3033 3136 quibuscum
3112 3062 3223 3113 me
3289 3036 3681 3114 studiorum

615 3153 792 3228 ratio
838 3154 1228 3230 coniunxit.

711 3274 780 3347 A
826 3281 936 3363 te,
991 3274 1097 3350 Cl.
1125 3298 1363 3365 nan,
1411 3300 1612 3351 sumo
1647 3274 1950 3351 initium.
2052 3276 2166 3350 Tu
2204 3276 2262 3349 is
2304 3300 2421 3365 es,
2473 3274 2597 3373 qui
2647 3273 2827 3351 viam
2866 3274 3040 3349 mihi
3080 3274 3411 3375 aperuisti
3449 3274 3541 3349 ad
3568 3276 3675 3351 in-

618 3393 996 3493 telligenda
1059 3402 1132 3469 et
1198 3420 1326 3469 suo
1380 3396 1602 3494 pretio
1666 3396 2096 3471 aestimanda
2143 3396 2491 3495 praeclara
2530 3394 2651 3469 illa
2698 3395 3061 3469 vetustatis
3104 3403 3557 3469 monumenta
3608 3402 3685 3470 et

617 3514 708 3591 ad
773 3514 1274 3616 interpretandi
1341 3523 1560 3591 artem
1581 3574 1601 3606 ,
1670 3541 1812 3615 qua
1875 3524 2112 3617 utpote
2163 3516 2389 3591 solido
2438 3514 2894 3590 fundamento
2946 3512 3080 3588 nisi
3124 3514 3673 3613 iurisprudentia

619 3642 1178 3734 superstruatur,
1229 3635 1480 3709 sterilis
1545 3642 1654 3709 est
1714 3636 1941 3711 omnis
2001 3661 2179 3735 quae
2239 3635 2314 3709 in
2360 3659 2443 3709 ea
2488 3634 2772 3734 ponitur
2820 3658 3049 3733 opera.
3152 3634 3292 3708 Sed
3343 3641 3424 3708 tu
3472 3634 3682 3709 simu]

620 3754 676 3827 is
719 3778 839 3844 es,
891 3778 934 3828 a
974 3777 1116 3853 quo
1166 3754 1578 3844 didicimus,
1629 3781 1720 3831 ne
1762 3779 2038 3843 omnes,
2089 3780 2176 3829 ne
2225 3753 2495 3842 omnia,
2543 3778 2633 3828 ne
2678 3752 2887 3827 nimis
2936 3752 3306 3842 miremur,
3357 3779 3448 3829 ne
3497 3761 3679 3831 vete-

617 3898 730 3948 res
783 3874 888 3948 ita
948 3875 1339 3963 imitemur,
1409 3882 1490 3949 ut
1562 3900 1724 3951 cum
1787 3875 2163 3951 virtutibus
2215 3874 2289 3949 in
2339 3898 2579 3951 eorum
2629 3873 2793 3947 vitia
2844 3882 3125 3971 quoque
3175 3874 3631 3949 succedamus
3658 3933 3678 3963 ,

616 4018 710 4069 ne
753 4018 942 4091 -prae
1003 3994 1438 4093 antiquitatis
1507 3996 1939 4071 veneratione
1958 4054 1979 4086 ,
2028 3996 2104 4069 id
2157 3995 2347 4095 quod
2386 4001 2699 4068 nostrum
2727 4050 2747 4081 ,
2798 3990 2989 4091 quod
3039 3992 3398 4092 proprium
3418 4051 3438 4082 ,
3491 3992 3681 4093 quod

619 4114 1084 4189 domesticum
1133 4122 1276 4205 est,
1345 4122 1894 4192 contemnamus.
1992 4116 2250 4190 Fruarc
2307 4114 2473 4202 diu,
2534 4110 2661 4187 Vir
2714 4112 2823 4187 Cl.
2846 4170 2867 4202 ‚
2939 4112 3081 4186 otio
3134 4112 3265 4186 tibi
3316 4138 3679 4203 concesse,

619 4232 684 4307 si
737 4234 962 4308 otium
1023 4241 1132 4307 est
1150 4292 1170 4323 ,
1233 4259 1375 4310 non
1437 4235 1637 4311 senili
1699 4234 2006 4312 socordia
2064 4242 2450 4336 torpescere
2470 4291 2491 4323 ,
2562 4231 2686 4307 sed
2740 4231 3026 4307 iuvenili
3076 4231 3319 4307 ardore
3372 4258 3411 4305 e
3463 4258 3679 4309 cornu

617 4352 860 4451 copiae
877 4412 898 4441 ,
951 4354 1142 4453 larga
1189 4379 1406 4431 manu
1455 4355 1808 4431 effundere
1828 4415 1848 4445 ,
1919 4379 2097 4454 quae
2157 4364 2240 4431 tu
2289 4353 2602 4428 modeste
2648 4359 2773 4426 tua
2818 4351 3125 4427 ἄτακτα
3192 4374 3391 4425 vocas
3454 4374 3677 4451 eaque

619 4496 766 4575 qua
799 4474 1096 4573 insignis
1134 4498 1210 4549 es
1253 4475 1564 4551 doctrina
1597 4484 1668 4551 et
1698 4476 2167 4564 humanitate,
2216 4473 2542 4550 inservire
2573 4472 2817 4547 amicis
2838 4529 2860 4559 ,
2911 4469 3165 4557 literis,
3216 4466 3674 4559 Academiae,

616 4592 830 4667 cuius
877 4592 1096 4692 gloria
1143 4619 1226 4668 ac
1273 4594 1490 4671 decus
1544 4622 1642 4671 es.

724 4712 793 4785 A
835 4736 1066 4789 namo
1107 4714 1473 4790 institutus
1491 4774 1512 4805 ,
1563 4714 2144 4813 iurisprudentiae
2195 4737 2310 4789 me
2353 4710 2592 4788 addixi
2636 4708 2935 4785 ducibus
2984 4706 3171 4781 Viris
3201 4706 3307 4783 Cl.
3334 4728 3673 4796 assume,

617 4852 1073 4907 unumne
1089 4891 1109 4923 ,
1156 4858 1320 4910 sene
1357 4834 1769 4923 venerabili,
1818 4858 2033 4934 quem
2075 4857 2282 4908 nemo
2330 4838 2472 4920 est,
2524 4829 2649 4928 qui
2684 4828 2991 4917 noverit,
3040 4826 3211 4927 quin
3250 4826 3342 4901 ob
3387 4827 3675 4903 eximias
