4730 6049
1082 662 1211 739 118
1922 658 1935 671 ²
2252 658 2328 727 B.
2395 658 2599 731 TER
2663 655 2959 729 HAAR

1079 870 1542 969 praedicavit,
1593 893 1681 943 ne
1728 866 2073 967 perfectus
2120 866 2410 967 quidem
2454 867 2664 976 homo
2709 866 3048 943 dicendus
3091 872 3220 943 est.
3317 866 3420 941 At
3457 863 3641 939 nolo.
3739 863 4145 941 Nimirum!

1080 998 1153 1065 et
1202 989 1375 1064 mihi
1424 990 1553 1067 hoc
1604 995 2095 1089 argumentum
2153 988 2359 1088 longe
2407 986 2894 1087 gravissimum
2949 992 3058 1062 est
3075 1043 3096 1075 ‚
3145 984 3336 1061 unde
3379 982 3744 1060 exordium
3788 992 3957 1084 peto
3975 1042 3998 1073 ,
4048 984 4143 1059 ad

1080 1110 1271 1208 quod
1330 1109 1599 1187 cunctis
1654 1109 2087 1209 perlustratis
2144 1108 2466 1187 lubenter
2521 1106 2768 1195 rede0,
2752 1139 2768 1155 ·
2840 1104 3036 1205 quod
3099 1130 3184 1181 eo
3243 1104 3462 1206 pluris
3523 1104 3741 1194 facie,
3801 1104 4142 1239 quoniam

1079 1232 1276 1317 hoc
1254 1256 1529 1331 ipsum,
1581 1230 1641 1307 si
1683 1228 1855 1329 quid
1904 1228 2140 1318 aliud,
2190 1253 2315 1328 pro
2367 1225 2658 1305 veritate
2709 1225 3038 1304 historica
3082 1250 3397 1327 pugnare
3441 1224 3752 1315 videtum
3801 1224 4140 1324 quoniam

1078 1359 1149 1427 et
1216 1350 1392 1429 mihi
1447 1349 2055 1450 persuasissimum
2110 1359 2261 1439 est,
2332 1350 2548 1429 talem
2609 1348 2988 1448 imaginem
3042 1348 3248 1449 plane
3295 1346 3606 1421 divinam
3658 1370 3957 1445 vereque
4003 1344 4140 1420 hu-

1074 1496 1355 1549 manam
1402 1470 1692 1547 minime
1743 1471 2061 1551 fictitiam
2110 1496 2305 1560 esse,
2353 1496 2436 1547 ac
2482 1469 2598 1545 vix
2641 1478 2768 1545 aut
2809 1494 2901 1545 ne
2949 1469 3065 1543 vix
3115 1467 3401 1568 quidem
3435 1444 3614 1565 fingi
3653 1467 3970 1567 potuisse
4005 1466 4138 1560 ⁸⁰).

1076 1592 1262 1669 Cum
1322 1591 1409 1666 iis
1464 1592 1720 1692 igitur,
1788 1592 1915 1691 qui
1960 1616 2187 1669 rasum
2233 1614 2472 1667 revera
2511 1588 2724 1667 talem
2775 1588 2992 1665 fuisse
3046 1588 3377 1676 credunt,
3427 1586 3706 1687 qualem
3755 1585 4140 1662 informant

1070 1712 1608 1811 Euangelistae,
1675 1711 1851 1788 mihi
1910 1712 2185 1789 nullum
2231 1718 2584 1787 certamen
2625 1719 2751 1786 est.
2853 1708 3229 1789 Quomodo
3271 1730 3468 1796 vero,
3519 1708 3645 1807 qui
3687 1708 3821 1783 hoo
3869 1707 3946 1781 in
4001 1706 4138 1783 du·

1068 1832 1270 1907 bium
1310 1841 1594 1921 vocant,
1644 1830 1820 1907 illud
1870 1831 2300 1921 sustineant,
2349 1856 2432 1908 ac
2468 1829 2557 1906 de
2602 1854 2770 1907 uisu
2813 1830 3377 1930 ἀναμαρτήτῳ,
3432 1828 3542 1903 vel
3589 1828 4138 1928 perfectissimae

1066 1952 1345 2027 virtutis
1412 1952 1771 2051 exemplo,
1838 1950 2031 2051 loqui
2100 1956 2434 2051 pergant,
2503 1950 2620 2025 vix
2663 1949 3022 2050 intelligo,
3087 1949 3228 2025 nisi
3297 1948 3524 2050 magia
3587 1972 3765 2049 vago
3817 1949 4136 2048 quodam

1067 2094 1277 2148 sensu
1343 2070 1705 2170 religioso,
1778 2094 1919 2169 quo
1988 2068 2153 2145 inde
2214 2094 2259 2143 a
2306 2069 2566 2147 teneris
2615 2094 2782 2169 erga
2831 2092 3207 2145 onnrswu
3253 2068 3512 2145 imbuti
3559 2066 3860 2156 fuerint,
3911 2092 4138 2168 quam

1063 2189 1451 2267 rationibus
1493 2190 1688 2267 ducti
1706 2247 1727 2278 ,
1773 2190 1873 2267 ita
1919 2189 2111 2289 loqui
2152 2196 2566 2273 censeantur
2591 2192 2718 2283 ⁸¹).
2785 2190 3040 2271 Quid?
3072 2190 3263 2290 quod
3296 2213 3462 2267 insu
3493 2188 4134 2290 ἀναμαρτησίαν,

1062 2310 1594 2409 Synopticorum
1659 2308 1871 2395 etiam
1922 2308 2063 2383 fide
2112 2307 2468 2385 Historica
2517 2332 2844 2385 concessa
2891 2316 2964 2385 et
3019 2310 3324 2385 admissa
3341 2368 3362 2400 ,
3413 2311 3811 2410 nuperrime
3859 2312 4130 2412 gnavis-

1062 2431 1258 2510 simis
1286 2430 1770 2529 impugnatam
1804 2428 2019 2506 fuisse
2056 2428 2656 2505 criminationibus
2695 2428 3046 2505 neminem
3091 2438 3402 2505 vestrum
3443 2430 3632 2529 fugit
3667 2430 3774 2505 vel
3804 2430 3979 2507 latet
4001 2432 4133 2526 ὅθ).

1055 2553 1211 2629 Iam
1283 2576 1441 2628 vero
1506 2550 1682 2649 quid
1745 2574 1875 2650 pro
1942 2556 2129 2625 certo
2187 2549 2514 2649 amplecti
2582 2549 2874 2649 aliisque
2939 2550 3424 2626 commendare
3489 2550 3746 2651 poterit
3766 2608 3788 2640 ,
3847 2552 3910 2625 si
3967 2552 4137 2651 quis

1054 2696 1219 2749 insu
1283 2669 1665 2772 imaginem
1729 2670 1837 2745 vel
1892 2695 1935 2747 a
1992 2669 2386 2769 Synopticis
2436 2693 2802 2769 perperam
2847 2670 3270 2769 propositam
3293 2729 3313 2758 ,
3371 2669 3482 2745 vel
3526 2695 3569 2745 a
3611 2670 3844 2769 quarti
3885 2670 4134 2747 Euan-

1051 2793 1221 2893 gelii
1279 2800 1559 2871 auctore
1633 2790 1809 2867 adeo
1866 2798 2269 2867 exornatam
2316 2790 2557 2867 credat
2578 2848 2600 2880 ‚
2651 2799 2734 2867 ut
2785 2790 2898 2865 hic
2949 2788 3176 2889 magis
3229 2788 3676 2870 simulacrum
3723 2788 4090 2888 quoddam
4111 2850 4132 2880 ,

1049 2914 1125 2991 in
1186 2913 1539 3011 primaeva
1599 2910 1909 2989 Ecclesia
1972 2916 2217 2987 natum
2233 2966 2257 3000 ,
2321 2935 2536 3010 quam
2585 2906 2810 2989 insum
2861 2934 3018 2987 vere
3064 2907 3502 2984 Historicum
3526 2967 3548 3000 ,
3599 2910 3854 2985 nostris
3902 2912 4134 2987 oculis

1052 3033 1489 3133 depinxerit?
1570 3031 1913 3110 Quocirca
1959 3053 2193 3108 meam
2245 3031 2665 3108 sententiam
2711 3031 2810 3107 sic
2858 3031 3151 3107 definio:
3225 3029 3526 3130 Egregie
3573 3029 3948 3122 falluntur,
3971 3117 3974 3122 ,
3997 3034 4134 3132 qui

1051 3175 1219 3229 usu
1271 3151 1905 3252 Apostolorumque
1952 3151 2359 3238 auctoritate
2411 3149 2685 3228 sublata
2702 3208 2724 3240 ,
2793 3137 3546 3251 Euangelistarumque
3599 3151 3741 3226 fide
3787 3151 4130 3229 historica

1050 3272 1305 3374 negata
1376 3295 1544 3348 uisu
1606 3269 2210 3372 ἀναμαρτησίαν
2274 3271 2542 3349 diutius
2611 3271 2946 3348 vindicari
3007 3295 3212 3371 posse
3270 3270 3665 3370 opinantur.
3791 3271 4126 3370 Seposito

1048 3393 1235 3470 enim
1287 3391 1643 3468 Historico
1688 3391 2043 3492 religionis
2093 3377 2549 3474 Christianaef
2575 3391 2967 3468 charactere
2987 3450 3007 3481 ,
3055 3391 3344 3466 nimbus
3381 3391 3499 3465 ille
3517 3449 3538 3480 ‚
3590 3391 3716 3490 qui
3745 3390 4126 3492 hucusque

880 3565 889 3574 x
1044 3512 1571 3592 coruscantibus
1632 3509 1779 3588 suis
1845 3512 2059 3588 radiis
2107 3513 2357 3613 optimi
2405 3513 2924 3591 Conservatoris
2977 3513 3280 3613 effigiem
3331 3513 3550 3596 cinxit
3597 3519 3670 3586 et
3717 3516 4120 3608 coronavit,

1044 3634 1239 3709 brevi
1278 3640 1643 3710 evanescat
1687 3657 1968 3708 necesse
2014 3641 2127 3710 est
2146 3692 2167 3722 ,
2219 3633 2325 3708 uti
2348 3691 2370 3723 ,
2419 3633 2638 3710 cheul
2690 3659 2926 3710 revera
2969 3634 3111 3709 iam
3155 3631 3348 3732 apud
3385 3631 3644 3708 multos
3673 3635 3977 3709 evanuit.
4011 3679 4122 3702 ...-

1052 3783 1087 3823 n
1110 3754 1364 3828 Nonne
1415 3752 1697 3828 tamen''
1740 3795 1845 3812 -—
1887 3752 1987 3828 ita
2027 3762 2374 3851 quaerunt
2418 3797 2509 3811 -
2568 3783 2605 3824 a
2631 3755 2739 3830 vel
2780 3753 2890 3829 his
2935 3753 3278 3829 concessis
3297 3810 3319 3842 ,
3361 3771 3568 3829 rasus
3609 3777 3882 3854 semper
3908 3779 4120 3831 verae

1042 3871 1397 3971 religionis
1465 3879 1705 3946 auctor
1774 3877 1959 3946 esset
2020 3871 2442 3947 habendus?
2515 3873 2770 3972 Cogita
2833 3874 2985 3948 eius
3045 3872 3134 3949 de
3187 3873 3340 3947 Deo
3394 3873 3658 3973 Spiritu
3714 3874 4120 3976 eodemque

1042 3991 1252 4065 Patre
1301 3989 1777 4066 amantissimo
1821 3989 2205 4066 doctrinam
2227 4050 2248 4081 ‚
2298 4001 2666 4092 praecepta
2711 3993 2997 4069 moralia
3013 4054 3033 4083 ,
3082 3993 3448 4092 parabolas
3477 3994 3672 4070 omni
3701 3993 4116 4072 laudatione

1056 4110 1352 4186 maiores
1374 4110 1391 4180 l
1410 4110 1454 4139 ''
1499 4150 1597 4168 -—
1636 4109 1733 4186 Et
1773 4110 2014 4210 procul
2051 4111 2271 4187 absit!
2324 4121 2408 4186 ut
2450 4137 2616 4190 man
2661 4115 3065 4189 meritorum
3113 4114 3528 4190 detrectator
3565 4113 3836 4190 videar!
3891 4115 4110 4192 Sum-

1042 4255 1244 4305 mum
1314 4253 1475 4305 vero
1492 4287 1515 4320 ,
1581 4229 1773 4329 quod
1836 4229 2003 4308 inde
2062 4231 2528 4308 derivandum
2568 4233 2746 4308 mihi
2791 4233 3064 4308 videtur
3083 4292 3104 4323 ‚
3176 4235 3314 4310 huc
3357 4233 3576 4310 redit:
3627 4257 3795 4310 lusu
3843 4233 4114 4310 doctri-

1041 4373 1205 4426 nam
1250 4349 1405 4426 Deo
1445 4373 1601 4424 esse
1642 4349 2147 4450 dignissimam.
2247 4351 2487 4450 Atque
2519 4351 2901 4428 admodum
2944 4373 3177 4430 vereor
3219 4379 3310 4429 ne
3349 4353 3404 4428 ii
3424 4412 3444 4443 ‚
3495 4353 3620 4454 qui
3671 4353 3880 4429 hodie
3925 4353 4110 4433 His-

1038 4469 1286 4544 toriam
1360 4469 1665 4544 maxime
1736 4477 2233 4560 contemnunt,
2304 4471 2438 4548 hoc
2506 4495 2784 4573 quoque
2849 4474 2926 4548 in
2997 4474 3295 4550 dubium
3369 4483 3653 4564 vocent,
3721 4494 4110 4580 seramque

1039 4613 1239 4663 suam
1294 4589 1707 4666 sententiam
1756 4591 2147 4666 accuratius
2190 4593 2291 4666 sic
2340 4593 2712 4676 definiant:
2762 4593 2838 4669 in
2884 4617 3050 4671 lusu
3096 4595 3410 4674 doctrina
3426 4653 3447 4685 ,
3495 4593 3654 4672 licet
3699 4597 3942 4696 magni
3988 4590 4110 4672 vel

1039 4707 1249 4782 etiam
1314 4709 1603 4784 maximi
1666 4711 1759 4786 sit
1815 4711 2283 4801 aestimanda,
2356 4711 2530 4789 falsa
2584 4714 2760 4790 veris
2779 4773 2800 4804 ‚
2868 4738 3028 4792 vera
3093 4714 3288 4792 falsis
3347 4739 3500 4792 esse
3566 4715 3914 4814 permixta
3961 4715 4102 4809 θ’).

1044 4827 1226 4903 Utut
1294 4838 1437 4904 est:
1514 4830 1815 4910 Historia
1880 4833 2173 4922 reiecta,
2240 4832 2386 4910 sive
2447 4843 2690 4936 utpote
2750 4835 3048 4927 incerta,
3118 4835 3326 4935 plane
3385 4835 3460 4912 in
3530 4833 3763 4912 medio
3811 4830 4054 4912 relicta
4073 4893 4103 4926 ‚

1562 5057 1617 5077 s
