4730 6049
1060 719 1101 782 8
1505 811 1509 814 ³
2016 715 2094 782 A.
2163 717 2234 783 E.
2302 713 2642 781 SIMON
2709 713 3148 782 THOMAS

1057 921 1358 999 afferunt
1397 923 1718 998 solatium
1741 981 1764 1014 ,
1815 920 2100 997 morbus
2147 921 2332 997 enim
2387 945 2529 1022 quo
2578 922 2845 998 laborat
2890 922 3056 999 facit
3101 930 3185 998 ut
3228 924 3319 998 ad
3366 924 3631 999 nullam
3674 924 3919 999 utilem
3960 949 4111 1002 rem

1055 1043 1349 1118 idoneus
1412 1068 1640 1142 neque
1699 1042 1836 1116 sibi
1897 1066 2125 1141 neque
2177 1041 2332 1116 aliis
2383 1041 2603 1142 possit
2652 1042 3009 1118 consulere
3029 1101 3052 1133 ,
3100 1043 3327 1119 aufert
3372 1041 3771 1120 facultatem
3812 1045 4067 1146 agendi
4087 1104 4108 1135 ,

1054 1160 1416 1262 praepedit
1467 1161 1874 1262 voluptates.
2325 1235 2336 1252 ,

1157 1283 1480 1382 Spectate
1547 1304 1779 1356 senem
1801 1339 1823 1370 ,
1892 1280 2116 1381 spatio
2177 1305 2393 1381 prope
2466 1281 2756 1356 decurso
2822 1280 3002 1357 vitae
3021 1339 3042 1370 ,
3092 1281 3271 1356 vires
3325 1280 3770 1382 languescere
3822 1283 4109 1382 quidem

1056 1401 1267 1476 sentit
1330 1408 1404 1475 at
1465 1425 1604 1475 non
1662 1399 1854 1475 omni
1908 1400 2088 1476 vitae
2128 1399 2564 1476 iucunditate
2606 1408 2793 1476 caret
2815 1459 2837 1490 ,
2888 1425 3134 1476 sensus
3189 1399 3646 1476 debilitantur
3689 1410 3765 1477 at
3807 1404 4112 1480 officium

1049 1522 1346 1610 faciunt,
1422 1520 1737 1596 membra
1806 1519 2042 1595 minus
2101 1528 2267 1596 sunt
2335 1521 2623 1596 robusta
2678 1527 2752 1596 at
2794 1519 2970 1595 nihil
3017 1519 3311 1620 impedit
3352 1543 3495 1620 quo
3542 1521 3777 1597 minus
3818 1523 3907 1598 iis
3952 1531 4105 1599 uta-

1049 1649 1168 1716 tur
1185 1700 1205 1731 ,
1278 1641 1503 1717 otium
1564 1665 1705 1716 non
1759 1639 2083 1715 inertiam
2135 1649 2438 1716 sectatur
2455 1699 2475 1730 ‚
2527 1664 2845 1739 quaeque
2887 1640 3040 1740 ipse
3088 1664 3227 1715 non
3272 1639 3412 1715 iam
3457 1640 3678 1716 facere
3722 1649 3987 1742 potest,
4036 1643 4111 1717 in

1050 1761 1162 1835 his
1224 1760 1395 1836 alios
1453 1759 1804 1835 monendo
1857 1766 1930 1834 et
1975 1759 2286 1834 docendo
2340 1759 2624 1835 adiuvat
2673 1768 2743 1833 et
2785 1784 2869 1834 ex
2915 1759 3241 1835 thesauro
3286 1759 3667 1835 multarum
3704 1768 3776 1836 et
3818 1762 4109 1863 optima-

1050 1904 1207 1955 rum
1255 1905 1484 1955 rerum
1547 1905 1631 1954 ea
1674 1879 2019 1978 depromit
2068 1902 2246 1978 quae
2292 1877 2681 1955 minoribus
2735 1879 2897 1954 usui
2955 1887 3026 1956 et
3072 1879 3280 1955 saluti
3321 1879 3497 1970 sint,
3549 1880 3673 1954 sed
3720 1905 3884 1956 eum
3939 1906 4111 1981 quo-

1051 2023 1190 2098 que
1265 1997 1492 2073 morbi
1554 1998 1658 2072 vis
1729 1997 2098 2132 opprimit,
2167 1997 2352 2072 vitae
2416 1997 2651 2098 paullo
2709 2005 2871 2074 ante
2940 2005 3085 2074 tam
3148 1999 3499 2075 iucundae
3550 2025 3713 2075 eum
3760 2000 3995 2078 taedet
4041 2008 4113 2076 et

1049 2117 1254 2192 amici
1325 2141 1408 2193 ac
1470 2118 1880 2218 propinqui,
1953 2141 2381 2216 quamquam
2455 2117 2571 2217 pie
2637 2141 2801 2192 eum
2865 2118 3210 2218 diligunt,
3276 2143 3495 2219 paene
3543 2118 3729 2209 dixi,
3780 2119 4111 2218 quoniam

1049 2259 1212 2311 eum
1285 2236 1626 2336 diligunt,
1692 2237 1918 2312 facere
1985 2261 2126 2312 non
2189 2245 2501 2337 possunt
2534 2237 2707 2336 quin
2756 2244 2999 2338 optent
3054 2246 3393 2339 orentque
3443 2246 3525 2314 ut
3576 2263 3717 2314 una
3759 2263 3923 2315 cum
3974 2239 4113 2314 vita

1045 2381 1234 2456 mors
1280 2381 1444 2432 eum
1485 2358 1624 2432 cito
1673 2357 1966 2432 miseriis
2020 2356 2517 2458 doloribusque
2557 2357 2823 2432 liberet.

1147 2477 1225 2550 Si
1285 2477 1454 2552 haec
1510 2477 1748 2555 omnia
1807 2485 1972 2550 sunt
2039 2501 2227 2566 vera,
2295 2477 2487 2576 quod
2554 2501 2759 2551 nemo
2817 2475 3145 2575 negabit,
3215 2477 3340 2575 qui
3409 2483 3534 2552 aut
3598 2477 3749 2578 ipse
3813 2476 4113 2578 graviter

1047 2596 1428 2696 aegrotavit
1490 2603 1618 2672 aut
1679 2595 1850 2670 alios
1913 2596 2108 2696 gravi
2173 2597 2419 2672 morbo
2483 2621 2847 2698 oppressos
2921 2595 3129 2684 vidit,
3197 2597 3506 2696 profecto
3565 2596 3911 2674 medicina
3970 2621 4112 2672 una

1044 2716 1356 2791 omnium
1401 2703 1834 2806 nobilissima
1886 2741 1998 2792 ars
2053 2716 2376 2817 habenda
2420 2725 2563 2806 est,
2640 2718 2903 2818 quippe
2966 2715 3084 2791 cui
3137 2715 3572 2818 propositum
3636 2717 3731 2791 sit
3773 2715 4110 2792 valetudi-

1044 2861 1207 2910 nem
1252 2861 1652 2912 conservare
1700 2842 1772 2911 et
1819 2837 2183 2912 restituere
2205 2896 2226 2927 ,
2284 2838 2478 2938 quod
2534 2838 2595 2912 si
2639 2837 3037 2938 assequitur
3078 2860 3287 2911 nemo
3336 2859 3501 2912 sane
3548 2836 3940 2924 invenietur
3989 2836 4111 2936 qui

1046 2954 1327 3031 dubitet
1371 2955 1946 3056 benignissimam
1993 2981 2274 3057 quoque
2317 2981 2473 3033 eam
2520 2964 2741 3033 artem
2783 2981 2935 3033 esse
2978 2956 3391 3047 vocandam,
3441 2980 3671 3057 neque
3710 2955 4111 3033 mirandum

1042 3073 1260 3174 igitur
1281 3134 1301 3163 ,
1360 3075 1868 3188 antiquissimis
1919 3076 2352 3175 temporibus
2371 3135 2392 3166 ,
2461 3102 2685 3176 quum
2746 3076 3065 3150 homines
3132 3075 3365 3151 omnia
3385 3135 3406 3166 ,
3476 3100 3655 3175 quae
3721 3075 3857 3150 sibi
3912 3082 4109 3175 grata

1045 3202 1169 3270 aut
1215 3194 1411 3270 utilia
1451 3194 1878 3285 evenissent,
1933 3195 2068 3270 diis
2112 3201 2395 3296 accepta
2439 3195 2809 3285 referrent,
2862 3194 3133 3270 divinos
3168 3195 3234 3269 ei
3279 3220 3431 3270 esse
3458 3195 3761 3270 tributos
3790 3195 4104 3271 honores.

1047 3316 1263 3395 Quod
1331 3315 1538 3390 hodie
1609 3314 1812 3389 nobis
1874 3340 2154 3415 quoque
2207 3316 2431 3390 facere
2476 3314 2657 3391 licet.
2758 3316 3011 3414 Neque
3052 3322 3285 3391 tamen
3332 3313 3462 3390 hoc
3506 3315 3609 3389 ita
3654 3314 3951 3415 intelligi
3994 3339 4107 3389 ve·
4180 3302 4185 3313 ’

1042 3436 1166 3510 lim
1189 3494 1210 3525 ,
1281 3442 1642 3534 tamquam
1712 3434 1912 3509 Deus
1951 3435 2102 3535 ipse
2159 3435 2477 3511 homines
2520 3435 2830 3510 docuerit
2871 3434 3133 3509 morbis
3176 3458 3531 3510 occurrere
3576 3440 3701 3510 aut
3741 3434 4105 3533 opitulari,

1045 3555 1168 3629 sed
1205 3555 1397 3655 quod
1438 3579 1521 3629 ea
1565 3553 1784 3630 animi
1815 3554 2035 3644 bona,
2087 3555 2348 3656 quibus
2390 3555 2695 3629 medicas
2734 3560 2917 3631 artes
2958 3561 3399 3643 creaverunt,
3441 3561 3820 3642 auxerunt,
3871 3578 4105 3630 emen·

1045 3674 1420 3761 daverunt,
1497 3672 1570 3746 in
1643 3670 2094 3747 nobilissimis
2160 3674 2385 3748 almae
2456 3672 2937 3781 Providentiae
3011 3674 3215 3771 donis
3283 3696 3651 3749 numerare
3704 3666 4102 3773 possumus.

1047 3794 1187 3868 Sed
1239 3793 1402 3867 licet
1453 3816 1536 3867 ea
1588 3791 1954 3891 disciplina
2009 3794 2100 3867 sit
2154 3794 2746 3893 praestantissima
2763 3852 2783 3883 ,
2832 3794 2970 3869 nisi
3016 3795 3108 3869 ad
3161 3792 3527 3868 hominum
3569 3816 3779 3868 usum
3826 3816 4103 3869 conver-

1043 3911 1254 4000 titur,
1323 3934 1582 4009 magna
1643 3917 1878 3983 tamen
1937 3918 2132 3993 caret,
2178 3912 2819 4001 commendatione3
2868 3920 3023 3987 tum
3074 3913 3361 3987 demum
3405 3934 3627 4011 quum
3676 3912 3771 3986 sd
3812 3912 4105 3986 aliorum

1048 4030 1345 4104 salutem
1408 4024 1760 4104 confertur
1832 4053 1985 4103 vere
2049 4030 2277 4106 dicere
2344 4054 2723 4129 possumus
2790 4028 3209 4105 medicinam
3273 4028 3513 4128 generi
3560 4028 3867 4103 humano
3888 4086 3909 4117 ,
3958 4035 4105 4103 tam

1047 4149 1290 4224 multis
1341 4156 1628 4247 tamque
1685 4148 1890 4223 variis
1947 4148 2208 4223 morbis
2255 4156 2523 4225 tentato
2542 4208 2561 4239 ,
2614 4172 2971 4225 summum
3013 4172 3167 4223 esse
3210 4147 3500 4221 bonum.
3598 4147 3720 4221 Ad
3758 4170 3913 4222 eam
3954 4168 4103 4221 rem

1048 4294 1232 4369 opus
1278 4277 1386 4345 est
1420 4268 1613 4357 illos,
1665 4268 1790 4367 qui
1836 4267 2175 4344 medicam
2227 4276 2451 4343 artem
2502 4268 2870 4343 exercituri
2912 4268 3092 4357 sint,
3136 4273 3409 4367 praeter
3450 4263 3835 4340 doctrinam
3893 4272 4107 4365 atque

1048 4388 1216 4462 artis
1276 4388 1790 4488 perceptionem
1856 4386 2066 4461 etiam
2135 4387 2635 4485 experientiam
2694 4386 2935 4461 afferre
2953 4445 2974 4476 ,
3024 4410 3205 4486 quae
3259 4408 3402 4484 quo
3448 4384 3667 4459 maior
3715 4392 3787 4459 et
3827 4408 4101 4461 accura-

1047 4507 1184 4583 tior
1233 4509 1397 4598 erit,
1451 4532 1593 4607 quo
1628 4504 2065 4581 firmioribus
2089 4505 2579 4581 fundamentis
2626 4506 2919 4595 nitetur,
2967 4530 3051 4581 eo
3090 4502 3333 4603 magis
3356 4524 3475 4576 eos
3516 4500 3805 4577 idoneos
3840 4502 4105 4591 reddit,
4232 4592 4239 4599 ι

1049 4628 1174 4725 qui
1223 4650 1486 4703 munus
1518 4631 1853 4701 tueantur
1889 4624 2256 4725 officioque
2295 4624 2745 4701 satisfaciant.

1146 4746 1510 4823 Benevolis
1551 4746 1771 4847 igitur
1822 4744 2114 4822 auribus
2173 4746 2600 4845 animisque,
2680 4743 3065 4819 Auditores
3106 4737 3658 4828 Humanissimi,
3708 4766 3823 4817 me
3870 4762 4099 4842 petae-

1051 4864 1363 4962 quamini
1378 4925 1399 4954 ,
1449 4888 1714 4967 quaeso
1727 4922 1748 4953 ,
1796 4863 1872 4938 in
1912 4862 2042 4940 hac
2083 4863 2224 4939 diei
2271 4864 2707 4941 solemnitate
2760 4860 3065 4937 breviter
3114 4857 3637 4957 disputaturum
3690 4888 3727 4929 n
3740 4862 3829 4935 de
3866 4862 4099 4960 Espe-
