4730 6049
929 570 1015 663 92
1900 596 2291 661 saunis
2358 594 3019 666 menonem.

1114 803 1633 879 Astronomiam
1650 861 1669 892 ,
1721 828 1936 904 quam
1980 802 2386 903 popularem
2431 812 2677 880 vocant
2690 862 2712 895 ,
2762 803 2991 879 tradet
3008 861 3030 894 ,
3069 802 3318 881 diebus
3354 805 3598 883 Lunae

1219 930 1291 998 et
1337 924 1524 997 Iovis
1541 980 1563 1013 ,
1613 923 1781 998 hora
1828 924 2213 1022 vespertina
2232 981 2255 1013 ,
2334 981 2353 1001 .
2411 914 2444 1000 .’
2487 980 3602 1003 ................
3676 925 3846 1003 bora
3895 922 3984 1001 V.

1116 1042 1310 1117 Artis
1354 1042 1767 1117 observandi
1812 1042 2177 1117 Exercitiis
2225 1042 2538 1141 quotidie
2580 1043 2897 1143 praeerit.

924 1174 998 1235 G.
1021 1172 1103 1236 H.
1122 1174 1228 1236 DE
1249 1176 1541 1236 VfflESE
1582 1162 1655 1236 in
1676 1162 1881 1239 India
1903 1164 2237 1239 versantis
2258 1164 2525 1239 scholas
2545 1163 2832 1239 habebit
2851 1174 2945 1238 W.
2967 1174 3037 1238 F.
3055 1176 3132 1238 Β.
3153 1176 3562 1238 SUBINGAB
3576 1222 3594 1252 ,

1016 1282 1201 1358 Prof.
1254 1280 1596 1358 extraord.

916 1416 982 1476 P.
1024 1416 1095 1477 L.
1134 1414 1368 1476 BJJKE
1408 1402 1780 1501 Physicam
1820 1402 2430 1501 experimentalem
2465 1401 2779 1492 docebit,
2814 1400 3062 1477 diebus
3090 1401 3331 1476 Lunae
3346 1459 3371 1492 ,
3400 1401 3592 1477 Mar-

1016 1524 1144 1612 tis,
1193 1522 1527 1597 Mercurii
1545 1579 1566 1609 ,
1616 1521 1803 1595 lovis
1852 1529 1923 1596 et
1967 1520 2261 1596 Veneris
2277 1576 3592 1611 ...................
3810 1519 3981 1595 XII.

1110 1643 1221 1719 De
1267 1641 1585 1742 physices
1626 1642 1974 1740 capitibus
2018 1641 2291 1717 selectis
2329 1640 2542 1715 latius
2583 1649 2656 1715 et
2697 1640 2927 1716 fusius
2967 1640 3296 1731 disseret,
3346 1640 3597 1717 diebus

1206 1761 1453 1836 Lunae
1491 1767 1563 1835 et
1607 1760 1940 1835 Mercurii
1957 1815 3586 1849 .......................
3885 1758 3979 1835 Χ.

1110 1879 1481 1978 Physicam
1522 1879 2082 1955 mathematicam
2125 1878 2397 1968 tradet,
2449 1878 2698 1954 diebus
2739 1878 2980 1955 Lunae
3016 1889 3086 1955 et
3114 1879 3444 1970 Veneria,
3497 1938 3516 1956 .
3569 1938 3586 1955 .
3838 1880 3979 1955 III.

1106 1998 1680 2097 Meteorologiam
1727 2008 2025 2097 exponet
2073 1999 2188 2075 die
2230 1999 2419 2074 Iovis
2437 2055 2459 2087 ,
2537 2054 3582 2077 ...............
3884 1997 3980 2073 Χ.

1107 2118 1472 2193 Exercitiis
1516 2118 1820 2216 physicis
1878 2118 2195 2218 practicis
2243 2118 2539 2217 praeerit
2583 2118 2915 2216 quotidie.

912 2251 1007 2313 W.
1047 2250 1116 2312 F.
1158 2252 1232 2310 Β.
1274 2249 1713 2323 ΒΗΒΙΝΘΑΒ,
1758 2236 1943 2313 Prof.
2002 2238 2343 2315 extraord.
2403 2238 2990 2339 morphologiam,
3041 2239 3456 2314 anatomiam
3517 2247 3591 2315 et

1013 2358 1516 2457 physiologiam
1597 2357 1995 2457 plantarum
2084 2365 2385 2459 exponet
2477 2357 2727 2433 diebus
2805 2358 3176 2446 Mercurii,
3249 2358 3436 2433 Iovis
3515 2367 3589 2433 et

1010 2476 1697 2696 Vesssssstgraa...
1728 2480 3316 2696 ..·.......,..;.·pi.....;...214...;.·.;.1;.·.
3344 2534 3589 2674 ...a
3917 2478 3975 2554 ¹·

1198 2723 1271 2791 et
1318 2716 1570 2791 Martis
1587 2770 3584 2805 ............................
3711 2716 3752 2791 Ῑ
3777 2722 3848 2791 et
3875 2715 3975 2789 II.

1109 2844 1448 2936 (tempore
1497 2843 1735 2911 tamen
1782 2836 2075 2911 hiberno
2125 2836 2270 2912 sola
2317 2837 2486 2912 hora
2532 2839 2628 2929 Ι).

1100 2954 1489 3030 Historiam
1547 2954 1943 3054 plantarum
1993 2955 2264 3032 medica
2304 2956 2560 3031 virtute
2610 2955 3082 3055 praeditarum
3139 2964 3210 3032 et
3261 2944 3580 3056 pharma-

1202 3075 1534 3174 cognosin
1576 3075 1776 3174 regni
1808 3075 2213 3173 vegetabilis
2243 3075 2474 3152 tradet
2501 3076 2686 3151 horis
2717 3075 3154 3154 auditoribus
3183 3075 3588 3152 commodis.

1102 3194 1467 3268 Exercitiis
1516 3194 1833 3293 practicis
1878 3194 1953 3268 in
1998 3201 2345 3270 structura
2387 3194 2784 3294 plantarum
2829 3220 2962 3295 ope
3002 3195 3432 3294 microscopii
3471 3220 3590 3270 ex·

1206 3313 1541 3413 ploranda
1584 3314 1879 3413 praeerit
1921 3321 2230 3414 tempore
2261 3314 2552 3390 hiberno
2569 3374 2592 3405 ,
2647 3314 2896 3391 diebus
2925 3316 3170 3392 Lunae
3199 3324 3270 3391 et
3297 3315 3550 3392 Martis
3571 3372 3594 3404 ,
3671 3310 3974 3390 II-IV.

1112 3434 1657 3510 Excursionibus
1703 3434 2041 3510 botanicis
2088 3436 2385 3534 praeerit
2428 3443 2738 3535 tempore
2779 3434 3039 3510 aestivo
3057 3493 3080 3524 ,
3130 3435 3243 3511 die
3281 3434 3587 3512 Saturni.

1347 3627 1845 3704 FACULTAS
1896 3629 2633 3746 PHILOSOPHIAE
2685 3627 3373 3704 THEORETICAE
3421 3628 3545 3704 ΕΤ

1765 3748 2347 3824 LITERARUM
2397 3746 3120 3824 HUMANIORUM.

914 3922 967 3981 Ι.
1008 3913 1259 3994 BAKE,
1326 3918 1668 4009 quantum
1720 3914 1975 4012 poterit
2027 3922 2098 3991 et
2148 3912 2416 4003 licebit,
2478 3911 2886 3990 auctoritate
2937 3917 3008 3985 et
3053 3909 3338 3986 consilio
3379 3909 3578 3986 adiu·

1018 4055 1176 4106 vare
1218 4030 1580 4106 conabitur
1631 4057 1749 4108 eos
1766 4090 1789 4122 ,
1839 4033 1965 4132 qui
2008 4033 2083 4108 in
2124 4033 2519 4108 Literarum
2568 4030 3092 4110 Humaniorum
3136 4029 3386 4105 studiis
3431 4053 3580 4105 ver·

1015 4159 1277 4226 santur.

914 4282 990 4342 A.
1056 4279 1421 4340 BUTGERS
1484 4290 1779 4344 insama
1854 4278 1928 4344 et
1998 4294 2228 4346 Auosl
2318 4271 2674 4344 Vaticinia
2749 4275 2822 4344 et
2899 4267 3214 4344 Psalmoe
3293 4267 3578 4346 selectos

1013 4385 1581 4486 interpretabitur
1602 4443 1622 4474 ,
1689 4387 1937 4463 diebus
1996 4391 2241 4464 Lunae
2276 4372 2368 4463 ‘et
2415 4388 2666 4462 Martis
2679 4441 3138 4477 .......
3193 4445 3210 4461 .
3266 4440 3574 4463 .....
3816 4385 3930 4461 IX
3949 4445 3970 4476 ,

1300 4505 3575 4597 etdieMercurii,..................'....
3763 4505 3968 4582 VIII.

1120 4627 1492 4701 Secundum
1537 4648 1899 4702 SAMUELIS
1950 4626 2232 4700 Librum
2275 4623 2581 4700 cursoria
2621 4622 2914 4701 lectione
2959 4629 3248 4698 tractare
3295 4629 3576 4723 perget,

1214 4743 1328 4818 die
1380 4745 1631 4821 Martis
1650 4791 3570 4835 ...........................
3883 4740 3924 4813 I
3944 4797 3967 4829 ,
