4730 6049
1857 661 2416 731 onArlo.
2594 754 2600 762 ·
3199 764 3206 769 Ι
3539 660 3669 727 ιω

688 867 797 952 81)
834 870 1035 949 Μαρία
1082 890 1223 948 enyo
1276 870 1507 947 quodam
1560 870 1823 946 reliqioeo
1862 891 2021 933 sensu
2062 906 2145 919 —
2183 874 2494 934 rationibus
2539 874 2709 934 ducti.
2793 872 3038 933 Omnino
3081 872 3348 934 assentior
3389 888 3669 931 Pncaurn

600 972 821 1035 eensori
848 972 941 1054 (A.
970 988 1424 1046 Musulamos,
1478 974 1561 1031 Le
1600 974 1772 1047 Lien,
1831 974 1961 1037 Oct.
1997 974 2183 1056 1859)
2224 976 2520 1038 scribentis
2569 993 2682 1037 nn.
2723 976 2952 1037 ricem·
2994 976 3282 1037 reconnait
3313 974 3530 1035 n'svoir
3567 994 3663 1054 pas

600 1076 941 1139 abandonne
992 1096 1119 1139 sans
1158 1081 1345 1155 regret
1383 1077 1465 1136 les
1506 1094 1805 1153 croyanees
1840 1078 1911 1137 de
1950 1098 2011 1139 sa
2043 1079 2333 1157 jeunesse3
2391 1086 2448 1140 et
2491 1078 2794 1161 cependant
2831 1079 2874 1137 il
2914 1099 3054 1139 nous
3094 1078 3334 1149 semble,
3390 1096 3498 1155 que
3536 1074 3667 1136 bien

600 1179 743 1259 qu’il
800 1182 913 1240 soit
956 1179 1065 1240 alle
1104 1179 1254 1254 loin,
1310 1183 1485 1240 certes
1530 1176 1645 1239 tres
1683 1182 1799 1241 loiu
1819 1226 1835 1253 ,
1891 1182 1935 1241 il
1974 1182 2072 1243 n'a
2110 1200 2211 1264 pas
2254 1202 2452 1242 encore
2495 1181 2634 1243 snivi
2667 1182 2928 1262 jusqu'au
2965 1183 3102 1242 bout
3141 1184 3224 1241 les
3266 1178 3668 1258 consequences

600 1280 673 1342 de
728 1300 821 1343 ses
870 1279 1089 1343 idea?
1146 1314 1229 1327 --
1282 1282 1409 1341 Nee
1461 1283 1655 1361 procul
1707 1302 1743 1341 a
1793 1302 1923 1344 vero
1974 1284 2229 1345 aberrare
2274 1285 2418 1345 mihi
2461 1285 2652 1346 videor
2687 1290 2962 1359 statuens,
3019 1285 3224 1345 nostris
3276 1283 3469 1344 diebus
3520 1282 3670 1343 haud

601 1403 807 1465 paucos
862 1403 983 1445 esse
999 1428 1015 1456 ,
1078 1384 1173 1464 qui
1192 1428 1207 1455 ,
1268 1400 1580 1445 cumeum
1634 1391 1897 1465 tauquam
1962 1386 2359 1461 ἀναμάρτητον
2413 1387 2666 1449 laudibus
2717 1388 2828 1449 suis
2876 1390 3232 1462 extollentes,
3291 1389 3462 1463 longe
3514 1386 3670 1465 plura

600 1484 893 1545 traditioni
930 1491 1099 1565 atque
1138 1484 1449 1545 educationi
1488 1484 1760 1561 debeant,
1802 1508 1969 1569 quam
2010 1491 2117 1551 sibi
2158 1492 2271 1552 sint
2310 1490 2519 1551 conscii
2535 1536 2550 1563 ,
2600 1510 2666 1551 ac
2707 1490 2980 1563 Theoria,
3025 1508 3193 1570 quam
3233 1490 3304 1550 de
3344 1486 3667 1565 Euangeliis

602 1603 905 1666 eorumque
958 1586 1207 1664 origine,
1260 1586 1451 1647 indole
1506 1594 1565 1648 et
1620 1590 1853 1651 coneilio
1906 1592 2145 1677 amplexi
2198 1594 2341 1667 sint,
2399 1594 2686 1683 permittat
2737 1598 2795 1654 et
2847 1592 3129 1654 concedat.
3213 1592 3303 1653 cf.
3347 1597 3403 1652 et
3443 1592 3538 1651 hie
3579 1590 3666 1650 cl.

604 1706 915 1779 norsum
956 1706 1039 1749 na
1076 1704 1275 1751 onoox
1317 1692 1358 1750 1.
1398 1708 1449 1749 c.
1488 1708 1559 1769 p..
1592 1694 1707 1750 180
1748 1710 1833 1771 sq.

682 1788 791 1871 ⁸2)
834 1792 1199 1853 Gravissimi-r
1238 1792 1726 1853 criminationibus.
1809 1794 1914 1855 Vel
1954 1814 2047 1855 me
2088 1802 2305 1857 tacente
2322 1841 2338 1868 ,
2381 1796 2612 1876 quisque
2653 1816 2686 1856 e
2717 1794 2856 1856 meis
2889 1794 3232 1856 auditoribus
3269 1815 3333 1856 ac
3367 1794 3668 1856 lectoribus

604 1894 871 1955 continuo
926 1893 1141 1974 saepius
1181 1896 1243 1953 iu
1282 1893 1373 1953 bis
1414 1894 1563 1955 notis
1604 1895 1833 1956 citatum
1872 1896 2154 1958 libellum:
2212 1901 2294 1957 Le
2340 1898 2534 1959 Christ
2572 1906 2630 1959 et
2661 1902 2720 1958 la
2759 1898 3090 1970 conscience,
3141 1897 3424 1975 cogitavit.
3507 1898 3668 1957 Licet

603 1996 709 2057 hae
764 1996 1179 2057 criminationes
1229 1996 1378 2057 haud
1432 1996 1705 2057 eiusmodi
1762 1999 1875 2059 sint
1930 1999 2218 2061 habendae
2236 2047 2251 2074 ,
2310 2004 2374 2061 ut
2427 2001 2605 2061 refelli
2651 2007 2957 2080 nequeant,
3017 2002 3200 2061 nullus
3237 2006 3422 2063 tamen
3465 2020 3669 2080 aequus

604 2116 785 2159 rerum
824 2098 1037 2159 arbiter
1072 2099 1197 2159 illas
1235 2100 1413 2172 leves,
1456 2099 1645 2159 futiles
1684 2120 1753 2160 ao
1792 2102 2223 2162 contemnendas
2265 2100 2502 2163 duxerit.
2563 2102 2616 2161 E
2659 2108 2852 2161 nostra
2893 2103 3088 2161 saltem
3129 2102 3403 2163 sententia
3443 2103 3668 2162 ι’ἐοιιυτι·

600 2202 873 2265 nonnulla
927 2204 1177 2277 monuit,
1232 2220 1374 2282 quae
1426 2202 1573 2263 bene
1618 2202 1883 2284 perpendi
1924 2211 2239 2265 mereantur
2278 2202 2351 2264 ab
2393 2205 2462 2265 iis
2481 2250 2496 2277 ,
2553 2205 2649 2285 qui
2668 2250 2684 2277 ,
2739 2204 2872 2265 licet
2911 2220 3221 2265 cumarum
3263 2204 3536 2265 eron-ribus
3577 2205 3676 2263 ob·

606 2304 837 2364 noxium
878 2304 1141 2377 credaut,
1200 2324 1331 2366 eum
1378 2311 1567 2366 tamen
1608 2310 1873 2385 tanquam
1911 2306 2343 2385 perfectissimae
2383 2306 2604 2367 virtutis
2643 2310 2700 2365 et
2741 2304 3050 2365 sanctitatis
3089 2305 3362 2365 humanae
3399 2306 3678 2386 exemplar

603 2426 915 2489 proponere
960 2415 1231 2488 pergunt3
1288 2409 1371 2469 uti
1427 2423 1691 2469 mmmm
1746 2424 2057 2472 conuenta
2076 2454 2091 2481 ,
2147 2409 2258 2469 hoc
2300 2408 2372 2468 de
2410 2410 2459 2468 Ι.
2503 2407 2569 2467 C.
2619 2408 2954 2466 enuncians:
3016 2406 3410 2467 nPleiuement
3450 2408 3674 2468 homme

604 2516 661 2573 et
698 2503 851 2589 sajet
890 2528 1107 2571 oomme
1146 2529 1289 2571 nous
1330 2530 1439 2571 aux
1480 2530 1695 2571 erreurs
1730 2512 1799 2573 de
1837 2514 1894 2573 la
1934 2514 2119 2572 raison
2140 2556 2155 2584 ‚
2211 2513 2267 2572 le
2305 2526 2524 2571 cumsa-
2580 2510 2618 2570 a
2656 2509 2856 2569 realise
2885 2510 2942 2570 la
2981 2510 3216 2570 saintete
3256 2510 3516 2571 humaine
3557 2530 3678 2591 par·

604 2610 799 2675 faite-'³
882 2616 968 2673 Le
992 2612 1201 2689 proebe
1239 2615 1305 2673 de
1346 2616 1405 2672 la
1450 2612 1743 2690 neoloyie
1780 2616 2053 2686 nouvelle,
2112 2615 2355 2674 nouvelle
2394 2618 2578 2673 Rem
2609 2614 2676 2673 de
2723 2612 3041 2687 sseoloqie,
3105 2616 3281 2673 1859.
3364 2613 3542 2675 Valde
3583 2634 3682 2694 op·

606 2720 839 2795 partune
878 2714 1177 2777 Societatis
1219 2716 1581 2794 styla-im
1616 2718 1885 2777 Rectores
1926 2717 2036 2775 huc
2078 2719 2422 2795 spectantem
2461 2718 2864 2793 proposuerunt
2903 2712 3309 2791 quaestionem.

655 2814 793 2897 ’83)
830 2818 1009 2877 Falsa
1069 2817 1249 2893 veris,
1306 2838 1440 2879 vera
1478 2819 1663 2894 salsis
1712 2836 1831 2879 esse
1869 2819 2163 2895 permixta.
2250 2842 2281 2871 a
2297 2833 2368 2877 κ.
2409 2817 2638 2877 rsscAu‘r
2681 2814 2785 2875 fait
2825 2834 2896 2874 en
2937 2812 3062 2875 effet
3099 2820 3225 2875 tout
3267 2834 3330 2875 ce
3369 2816 3510 2895 qu'il
3546 2821 3678 2897 peut

614 2940 751 3001 pour
810 2920 1035 3001 separer
1087 2920 1169 2981 les
1222 2922 1439 3002 paroles
1488 2920 1561 2981 de
1614 2938 1831 2983 onmsr
1872 2940 1941 2982 en
1980 2921 2127 2983 deux
2166 2922 2370 3002 parties
2383 2942 2418 2998 3-
2459 2920 2613 2980 l'une
2649 2918 2876 2980 relative
2914 2918 2952 2978 a
2996 2939 3058 2980 sa
3095 2918 3322 2979 mission
3364 2918 3554 2981 divine
3568 2965 3583 2992 ‚
3641 2919 3678 2980 ὃ.

608 3043 707 3086 son
745 3026 883 3086 titre
919 3023 991 3084 de
1028 3024 1119 3084 fils
1154 3023 1237 3085 de
1274 3023 1427 3086 Dieu
1443 3069 1460 3099 ,
1500 3026 1699 3086 l’autre
1740 3030 2044 3087 eontenant
2082 3026 2433 3106 simplement
2471 3043 2559 3084 ses
2599 3022 3044 3101 enseignemeuts
3083 3042 3332 3084 mor-aux.
3413 3020 3498 3083 Or
3545 3022 3680 3104 quoi

608 3127 747 3208 qu’il
784 3128 931 3187 fasse
946 3171 961 3198 ‚
1007 3131 1155 3188 eette
1190 3126 1433 3188 division
1473 3147 1615 3188 nous
1653 3127 1833 3209 paruit
1874 3127 2303 3208 eompletemeut
2354 3125 2662 3188 illusoire.”
2746 3146 2808 3188 a.
2847 3143 2926 3188 ΒΔ
2934 3142 3262 3186 resumes.
3301 3127 3340 3186 1.
3385 3146 3434 3188 e.

700 3227 805 3310 84)
848 3229 1070 3290 Cffrt‘eti
1126 3249 1313 3291 nom
1375 3231 1623 3292 abmdet.
1724 3230 2045 3292 'verissimis
2104 3231 2287 3293 verbis
2301 3275 2317 3302 ,
2381 3249 2520 3311 quae
2580 3230 2700 3310 ipse
2758 3229 2905 3289 haud
2963 3229 3084 3290 sine
3135 3249 3388 3290 moerore
3441 3229 3679 3309 quodam

620 3331 915 3393 enunciare
958 3332 1173 3413 potuit,
1228 3333 1339 3395 hoe
1380 3334 1646 3414 expressit
1686 3333 1949 3394 eneam:
2017 3359 2047 3388 n
2066 3333 2176 3393 Les
2216 3331 2554 3414 predictions
2597 3332 2694 3392 des
2736 3331 3095 3412 Catholiques
3135 3351 3196 3392 se
3235 3337 3364 3392 sont
3403 3332 3678 3394 realisees.

610 3434 695 3495 La
724 3434 995 3496 tradition
1011 3480 1028 3508 ,
1077 3453 1185 3516 que
1228 3435 1309 3496 les
1342 3435 1760 3498 Reformateurs
1794 3438 2016 3498 avaient
2046 3437 2123 3513 rej
2132 3435 2255 3496 etee
2288 3455 2431 3516 pour
2459 3441 2660 3496 mettre
2687 3435 2958 3495 l’homme
2985 3453 3056 3496 en
3089 3440 3313 3514 rapport
3343 3432 3518 3494 direct
3545 3453 3678 3495 aveo

613 3539 671 3598 la
712 3538 881 3598 Bible
897 3583 914 3610 ‚
958 3557 993 3598 a
1032 3537 1272 3619 disparu.
1352 3538 1439 3600 La
1480 3538 1645 3600 Bible
1683 3541 1875 3600 tumbe
1914 3539 1952 3600 ἢ
1990 3551 2093 3600 son
2130 3545 2289 3612 tour,
2324 3537 2401 3598 du
2441 3538 2624 3598 moins
2663 3555 2879 3597 oomme
2913 3535 3152 3596 autor-ite
3189 3533 3457 3616 supreme.
3516 3535 3679 3596 Peut·

610 3660 687 3702 on
740 3659 801 3702 se
854 3639 1155 3702 demandet
1208 3661 1341 3702 sans
1396 3641 1619 3702 fremit:
1682 3644 1747 3703 Si
1796 3641 1855 3702 J.
1897 3642 1966 3703 C.
2018 3641 2303 3704 lui-meme
2354 3643 2410 3702 le
2464 3641 2684 3702 dernier
2721 3639 3172 3701 intermediateur
3211 3645 3366 3700 entre
3405 3639 3675 3700 l'bomme

616 3750 677 3805 et
710 3743 860 3804 Dion
900 3763 973 3804 ne
1014 3744 1255 3825 paraitra
1292 3762 1393 3824 pas
1430 3741 1471 3803 ὃ.
1510 3762 1613 3804 son
1652 3749 1781 3804 tour
1818 3745 2065 3825 superfla
2104 3750 2162 3804 et
2200 3743 2704 3804 emmassmP’
2761 3763 2818 3823 p.
2861 3747 2958 3803 40.
2995 3775 3076 3788 -
3113 3745 3202 3802 Ac
3241 3761 3404 3815 sane,
3447 3761 3516 3802 ex
3553 3746 3676 3802 toto

610 3845 775 3908 ludus
827 3845 1091 3906 Auctoris
1144 3845 1290 3905 libro
1344 3846 1428 3906 uti
1480 3851 1539 3906 et
1589 3864 1622 3905 e
1662 3845 2019 3924 Dogmatiees
2060 3846 2373 3919 schemate,
2430 3846 2580 3926 quod
2617 3861 2874 3907 tmolus
2915 3846 2976 3906 in
3017 3866 3178 3907 usum
3219 3845 3677 3927 perspicaciorum

610 3947 758 4010 iuter
809 3969 939 4010 suos
992 3949 1283 4030 populares
1336 3946 1765 4008 construendum
1818 3967 1941 4040 esse
2000 3947 2187 4020 duxit,
2244 3949 2379 4009 satis
2419 3955 2678 4065 apparet,
2734 3950 2796 4010 in
2841 3949 3122 4029 utriusque
3163 3955 3491 4028 systemate,
3544 3966 3680 4010 lusu

612 4050 915 4112 Mediatori
954 4071 1023 4112 ac
1058 4050 1385 4112 Bedemtori
1424 4051 1641 4110 nullum
1680 4050 1799 4111 fere
1838 4051 2075 4129 relinqui
2113 4053 2317 4111 locum.

699 4157 807 4229 85)
846 4153 1063 4214 {anisa
1102 4156 1313 4232 ζῦσιιν,
1361 4155 1396 4212 1
1439 4153 1591 4213 Petr.
1632 4152 1700 4211 Ῑ.
1746 4156 1803 4213 3.

700 4261 810 4333 86)
848 4258 1519 4317 Senmamemmt.
1600 4255 1651 4314 E
1694 4269 2261 4315 sonnnnmonm
2300 4251 2572 4334 Epistolis
2589 4295 2606 4325 ,
2647 4271 2786 4332 quas
2827 4251 3142 4332 nuperrime
3177 4253 3465 4313 vernacule
3480 4311 3486 4317 ,
3499 4249 3678 4309 reddi·

615 4355 701 4418 dit
736 4359 885 4420 Ven.
926 4375 977 4418 s.
1017 4375 1096 4420 w.
1130 4377 1185 4419 ι’.
1220 4373 1409 4418 nrm
1425 4401 1445 4435 ,
1500 4357 1582 4418 uti
1620 4362 1681 4416 et
1720 4375 1751 4418 e
1794 4355 2239 4418 celebratissimis
2286 4355 2405 4416 eius
2458 4353 2802 4416 orationibus
2857 4353 2928 4414 de
2979 4353 3250 4430 religione
3289 4351 3503 4427 (Reden
3539 4352 3676 4410 iiber

618 4459 707 4522 die
744 4461 1037 4536 Reliqiou)
1077 4459 1229 4522 haud
1268 4460 1391 4534 sine
1430 4477 1621 4521 eaussa
1658 4474 1917 4519 nanetus
1958 4457 2135 4520 effecit
2150 4503 2167 4532 ‚
2216 4477 2343 4518 eum
2397 4455 2494 4518 diu
2529 4455 2900 4534 ‘gravissimas
2947 4455 3054 4516 hac
3093 4453 3164 4513 de
3204 4472 3263 4513 re
3303 4450 3676 4513 dubitationes

620 4562 807 4626 animo
858 4562 1084 4624 fovisse.
1164 4563 1257 4624 Ex
1310 4562 1427 4624 eius
1475 4561 1813 4640 Dogmatica
1862 4557 1984 4642 (der
2036 4561 2376 4621 OEro'stls'ehe
2417 4557 2649 4640 Glaube)
2704 4557 2840 4620 satis
2893 4575 3158 4638 superque
3211 4557 3462 4635 apparet,
3515 4553 3674 4614 illum

621 4667 835 4726 nullum
874 4666 1039 4746 plane
1078 4665 1317 4747 pretium
1354 4665 1609 4728 statuisse
1646 4664 1987 4742 argumentis
2001 4707 2019 4736 ‚
2059 4683 2201 4744 quae
2242 4683 2343 4744 pro
2381 4662 2798 4723 immortalitate
2837 4661 3008 4721 animi
3047 4657 3226 4720 afferri
3267 4657 3466 4717 solent.

706 4766 812 4849 ⁸¹1)
850 4767 1316 4830 itate-iaticum.
1396 4769 1500 4829 Uti
1558 4787 1627 4830 ex
1681 4764 1883 4828 intimo
1940 4771 2163 4848 pectore
2220 4765 2309 4826 Ol.
2352 4779 2718 4826 scnomnmo
2771 4762 3100 4833 aoelamavi,
3161 4765 3276 4820 tam
3337 4763 3560 4819 strenue
3606 4777 3673 4820 ae

626 4870 875 4944 fortiter,
918 4876 1179 4952 tanquam
1220 4891 1323 4952 pro
1366 4870 1475 4933 aris
1528 4878 1587 4932 et
1636 4870 1805 4945 loeis,
1858 4889 1985 4932 eum
2042 4866 2422 4930 Materialistis
2475 4865 2798 4943 dimicanti5
2853 4863 2966 4936 ita,
3022 4861 3394 4944 disputatione
3439 4861 3556 4924 eius
3607 4859 3680 4922 de
