4730 6049
1100 637 1233 706 322
2228 639 2301 704 Β.
2373 639 2424 704 Ι.
2493 637 3019 704 GRATAMA

1189 848 1578 922 Haesnms
1638 847 2043 921 Berolinum
2101 871 2263 920 cum
2314 853 2708 935 vocaretur,
2769 846 3060 944 eiusque
3105 843 3542 943 philosophia
3587 868 3966 920 nouussrcl
4015 844 4146 922 im·

1093 968 1307 1068 perii,
1358 968 1559 1042 cuius
1608 967 2073 1042 moderatores
2124 991 2198 1040 se
2242 989 2525 1040 savum
2574 967 2926 1040 doctrinae
2965 967 3191 1040 favere
3235 989 3442 1062 saepe
3477 965 3622 1040 iam
3665 966 4147 1056 ostenderant,

1094 1087 1375 1187 publica
1441 1087 1643 1184 quasi
1704 1086 2066 1173 evaderet,
2133 1087 2632 1185 exspectabant
2689 1088 2894 1162 multi
2943 1086 3123 1173 fore,
3175 1093 3258 1159 ut
3307 1085 3398 1159 ab
3444 1085 3602 1184 ipso
3643 1086 4148 1186 philosophiam

1095 1208 1296 1306 quasi
1362 1213 1851 1280 mutuarentur
1918 1230 2117 1280 suam
2182 1206 2488 1281 historici
2556 1207 2738 1282 ICti.
2831 1207 3220 1282 Huonmus
3291 1206 3476 1282 euim
3501 1263 3526 1294 ,
3573 1207 3689 1280 cui
3737 1215 3934 1282 tauta
3973 1214 4146 1282 tam-

1095 1351 1233 1425 que
1280 1327 1501 1400 multa
1545 1326 1754 1400 debet
1799 1335 2033 1399 nostra
2083 1351 2361 1423 quoque
2413 1351 2522 1400 ars
2544 1384 2563 1414 ,
2616 1326 2938 1401 historiae
2985 1327 3126 1400 fere
3179 1350 3378 1400 suam
3426 1325 3734 1401 restituit
3783 1325 4144 1402 auctorita·-

1091 1455 1233 1520 tem
1257 1504 1277 1533 ,
1326 1445 1886 1520 antecedentium
1921 1446 2237 1519 omnium
2264 1453 2337 1519 et
2369 1446 2945 1543 subsequentium
2992 1447 3324 1521 indicavit
3368 1445 3874 1522 cohaerentiam
3895 1503 3916 1536 ,
3967 1446 4140 1520 exis·

1091 1567 1530 1664 tentiumque
1570 1565 1885 1640 omnium
1932 1565 2384 1640 verecundiae
2427 1575 2498 1640 et
2540 1566 2957 1640 reverentiae
2991 1566 3446 1642 fundamenta
3481 1567 3826 1666 exposuit.
3893 1567 4146 1644 Omnia

1090 1687 1277 1760 enim
1351 1694 1517 1760 sunt
1582 1685 1989 1760 variationes
2054 1693 2127 1758 et
2187 1683 2780 1758 manifestationes
2799 1742 2819 1771 ,
2890 1684 3222 1759 continuo
3283 1710 3658 1785 progressu
3721 1684 3858 1761 sibi
3915 1709 4142 1761 succe·

1090 1807 1335 1882 dentes
1388 1806 1701 1881 eiusdem
1746 1805 1933 1878 illius
1987 1804 2319 1892 unitatis,
2371 1785 2708 1879 eiusdem⁸
2743 1805 2934 1878 illius
2983 1805 3327 1894 absoluti,
3378 1807 3570 1904 quod
3611 1805 3940 1881 omnibus
3979 1804 4140 1880 sub-

1089 1934 1196 2000 est
1240 1927 1451 2000 rebus
1492 1934 1564 2000 et
1605 1923 1824 1999 sactis.
1928 1924 2227 2012 Omnia,
2278 1949 2458 2021 quae
2503 1935 2707 2012 sunt,
2753 1924 3136 2000 necessaria
3175 1933 3380 2014 sunt,
3421 1933 3494 2000 et
3533 1925 3942 2000 necessitate
3974 1950 4140 2024 qua-

1086 2047 1248 2122 dam
1320 2048 1755 2123 exstiterunt.
1857 2047 2156 2135 Omnia,
2208 2071 2390 2144 quae
2457 2046 2805 2136 existunt,
2875 2047 3096 2122 solido
3139 2053 3612 2146 superstructa
3669 2052 3836 2120 sunt
3893 2045 4140 2121 funda-

1086 2176 1323 2242 mento
1342 2226 1362 2255 ,
1416 2167 1825 2241 necessitate
1874 2191 2127 2266 nempe
2176 2191 2548 2265 rerumque
2597 2177 2865 2243 natura.

1192 2288 1305 2362 Sic
1351 2288 1491 2361 iam
1533 2311 1778 2374 causa,
1846 2311 1987 2384 qua
2039 2285 2398 2384 persuasio
2443 2284 2595 2373 illa,
2663 2309 2875 2382 quam
2929 2283 3237 2358 historici
3287 2283 3360 2358 in
3411 2309 3528 2359 ore
3578 2283 3966 2372 habebant,
4019 2283 4134 2358 de·

1090 2407 1332 2480 finitur
1350 2465 1370 2494 ,
1420 2407 1491 2480 in
1544 2407 1945 2480 universum
1997 2406 2381 2492 indicatur,
2431 2404 2704 2502 ipsique
2753 2404 3125 2479 auctoritas
3175 2404 3563 2478 vindicatur
3610 2403 3982 2503 quaedam.

1188 2527 1329 2601 Sed
1394 2551 1532 2602 non
1593 2525 1881 2601 curabat
1928 2526 2250 2600 historica
2300 2525 2534 2600 schola
2579 2524 3017 2599 remotiorem
3071 2524 3260 2598 illam
3315 2547 3597 2598 causam
3619 2582 3642 2612 ,
3692 2522 4138 2598 subordinate

1079 2649 1213 2723 ista
1286 2655 1358 2723 et
1421 2647 1741 2746 proxima
1810 2655 2156 2722 contenta.
2260 2645 2474 2744 Spem
2543 2645 2762 2744 igitur·
2835 2643 3078 2718 fefellit
3143 2643 3394 2720 exitus.
3499 2645 3662 2718 Non
3729 2643 3942 2718 modo
3999 2665 4136 2718 nou

1080 2769 1647 2867 conspiraverunt
1710 2791 2077 2843 assumus
2148 2775 2219 2841 et
2277 2788 2662 2854 summe,
2713 2765 2838 2838 sed
2889 2765 3071 2838 inter
3125 2763 3438 2863 ipsorum
3487 2763 3908 2862 discipulos,
3959 2785 4134 2838 oau-

1080 2914 1258 2965 smu
1300 2887 1619 2986 inprimis
1662 2897 1733 2960 et
1782 2911 2173 2975 recursu,
2226 2887 2388 2960 viris
2437 2885 2777 2983 equisque
2825 2883 3249 2958 debellatum
3289 2883 3448 2960 fuit.

1175 3008 1569 3085 Accessisse
1631 3008 1904 3083 videtur
1962 3007 2153 3106 quod
2222 3014 2408 3081 recte
2473 3005 2952 3105 perspicerent
3010 3004 3170 3078 ICti
3228 3003 3535 3079 historici
3584 3003 3980 3103 Hegeliana
4023 3001 4138 3077 illa

1081 3129 1415 3228 principia
1434 3188 1454 3218 ,
1525 3128 1661 3203 nisi
1727 3138 2015 3202 naturae
2079 3127 2392 3203 bonitate
2465 3126 2888 3201 consectaria
2965 3125 3410 3199 reficerentur
3428 3184 3449 3215 ,
3521 3150 3728 3201 omne
3794 3126 4136 3201 humanae

1080 3248 1417 3323 libertatis
1471 3248 1707 3323 tollere
1753 3248 2139 3323 arbitrium.
2243 3247 2668 3323 offendebat
2717 3247 2970 3321 deinde
3017 3245 3198 3320 viros
3245 3244 3555 3321 eruditos
3573 3304 3594 3333 ,
3644 3254 3850 3320 acuta
3899 3243 4136 3319 subu'li

1080 3378 1399 3445 accurata
1446 3368 1791 3443 industria
1843 3376 1915 3443 et
1973 3369 2249 3446 solertia
2293 3390 2406 3443 res
2451 3367 2785 3475 indagare
2833 3374 2906 3441 et
2951 3365 3368 3465 investigare
3415 3366 3652 3441 solitos
3669 3423 3690 3454 ,
3741 3364 4131 3457 temeritas,

1082 3489 1501 3587 petulantia,
1567 3489 2047 3563 temulentiam
2105 3489 2247 3563 fere
2312 3488 2604 3562 dixerim
2627 3545 2648 3574 ,
2718 3512 2860 3585 qua
2903 3510 3212 3561 nactur
3263 3484 3626 3585 discipuli,
3691 3492 3764 3563 et
3807 3484 4136 3583 magister

1084 3606 1503 3705 quandoque
1570 3606 1719 3704 ipse
1737 3665 1758 3696 ,
1828 3606 2167 3706 principia
2238 3630 2368 3681 sua
2426 3606 2774 3706 generalia
2831 3606 2904 3680 in
2971 3604 3266 3705 singulis
3311 3607 3540 3681 causis
3581 3604 4024 3705 applicabant
4063 3608 4132 3675 et

1084 3726 1539 3824 explicabant.

1182 3846 1382 3920 Tune
1430 3845 1759 3944 temporis
1800 3852 2036 3920 autem
2079 3844 2440 3920 historicos
2483 3844 2696 3919 ICtos
2741 3870 2880 3921 non
2925 3870 3202 3921 curasse
3241 3834 3528 3921 causam
3570 3845 3764 3921 illam
3811 3843 4126 3920 remotio-

1084 3988 1231 4038 rem
1252 4022 1272 4051 ,
1338 3963 1509 4037 mihi
1570 3990 1658 4039 ex
1714 3966 1870 4064 ipsa
1928 3966 2047 4040 illa
2101 3990 2263 4040 voce
2307 3990 2522 4067 quam
2563 3967 2638 4041 in
2685 3990 2802 4041 ore
2848 3965 3104 4041 habere
3151 3966 3378 4041 solent
3405 3968 3908 4065 persuasionis,
3965 3988 4126 4039 ccm-

1084 4085 1304 4157 mum‘s
1350 4086 1822 4181 persuasionis
1882 4084 2059 4159 effici
2120 4108 2323 4183 posse
2389 4085 2681 4161 videtur.
2795 4084 2968 4159 Voci
3035 4084 3173 4183 ipsi
3223 4082 3401 4159 nihil
3459 4084 3642 4159 inest
3664 4139 3685 4172 ,
3751 4082 3944 4181 quod
3993 4104 4128 4181 qun

1088 4202 1461 4276 definiatur
1508 4202 1763 4277 indicio
1816 4204 1927 4278 sit.
2027 4205 2221 4278 Num
2264 4205 2618 4302 persuasio
2663 4204 3088 4279 necessitatis
3107 4262 3128 4293 ,
3179 4203 3484 4279 veritatis
3503 4262 3522 4292 ,
3575 4201 3898 4295 utilitatis
3939 4222 4124 4301 spec-

1086 4328 1310 4410 tetur,
1362 4321 1649 4399 minime
1698 4322 2145 4423 significatur.
2216 4324 2313 4397 Et
2348 4348 2476 4398 cur
2517 4324 2798 4399 tandem
2841 4323 3276 4412 observetur,
3327 4346 3418 4399 ue
3459 4322 3780 4397 innuitur
3819 4320 4121 4420 quidem.

1054 4428 1075 4445 ⁶
1088 4440 1297 4517 Hanc
1340 4440 1433 4515 ob
1480 4466 1759 4517 causam
1806 4442 2133 4541 equidem
2176 4442 2329 4517 istis
2365 4442 2652 4519 vocibus
2689 4442 3112 4519 substituere
3155 4443 3397 4519 vellem
3437 4440 3650 4517 verba
3689 4442 4128 4517 conscientiae
4197 4440 4202 4446 ”

1088 4568 1161 4636 et
1182 4562 1507 4660 publicae
1552 4564 2015 4638 conscientiae.
2090 4560 2293 4637 Haec
2328 4586 2461 4639 vox
2515 4561 2796 4663 publica
2837 4562 3256 4639 conscientia
3301 4586 3444 4639 non
3492 4584 3720 4663 nuper
3759 4571 3874 4637 est
3921 4557 4124 4654 fabri·

1084 4688 1281 4769 cata,
1351 4680 1477 4754 sed
1536 4681 1679 4757 iam
1738 4682 1871 4758 hoc
1938 4706 2149 4759 sensu
2198 4684 2456 4761 usitata
2499 4685 2798 4760 occurrit
2842 4683 3034 4783 apud
3077 4683 3448 4782 antiquum
3487 4682 3686 4758 illum
3723 4704 3958 4757 rerum
3999 4679 4126 4755 cri·

1090 4798 1453 4876 minalium
1500 4808 1851 4879 auctorem
1896 4828 2493 4882 nannounsaun.
2601 4804 2760 4880 Hac
2807 4828 2971 4879 voce
3016 4828 3128 4881 res
3165 4803 3340 4879 mihi
3377 4826 3518 4879 non
3559 4798 3963 4879 adumbrari
4007 4794 4126 4873 sed
