4730 6049
1946 646 2487 715 oltAtrlt)
3617 651 3747 719 131

683 856 901 933 ardua
950 864 1024 933 et
1066 857 1357 933 honesta
1404 856 1689 933 tendere
1707 913 1728 946 ‚
1780 878 2011 933 nonne
2057 858 2187 935 hoc
2234 856 2432 934 vobis
2475 882 2690 959 quam
2739 859 3041 935 maxime
3090 859 3366 961 placet?
3461 859 3742 935 Placeat
3893 894 3904 903 ν

677 976 896 1079 igitur
935 978 1133 1054 vobis
1180 985 1253 1053 et
1294 977 1531 1055 critica
1578 977 1733 1067 illa,
1782 978 1873 1053 de
1921 1001 2061 1079 qua
2110 979 2257 1055 dixi
2274 1037 2296 1070 ‚
2364 980 2488 1055 sed
2544 1004 2724 1080 quae
2771 979 3060 1056 feliciter
3101 982 3402 1057 exerceri
3449 980 3736 1081 nequit,

678 1098 815 1175 nisi
853 1096 947 1176 ab
992 1097 1283 1175 eruditis
1301 1158 1321 1189 ,
1370 1098 1515 1175 veri
1558 1098 1957 1175 amantibus
1974 1159 1996 1190 ,
2044 1100 2183 1177 nisi
2226 1126 2267 1177 a
2317 1100 2622 1177 veritatis
2667 1101 2997 1176 studiosis
3011 1160 3032 1190 ,
3082 1124 3338 1201 magna
3386 1099 3739 1177 doctrinae

676 1219 877 1319 copia
919 1220 1300 1296 instructis.
1402 1218 1655 1295 Omnis
1704 1242 1862 1293 mea
1911 1244 2079 1296 cura
2124 1220 2197 1295 in
2256 1220 2388 1297 hoc
2435 1220 2821 1297 versabitur
2837 1279 2859 1310 ,
2910 1227 2990 1295 ut
3037 1229 3422 1296 vestrorum
3469 1220 3734 1295 studio·

677 1363 839 1415 rum
882 1340 1149 1416 socium
1192 1348 1407 1439 atque
1452 1337 1841 1415 adiutorem
1892 1364 2006 1413 me
2052 1346 2401 1441 praestem
2449 1348 2793 1416 attentum
2815 1399 2836 1430 ,
2889 1340 3297 1443 diligentem
3315 1401 3338 1431 ,
3389 1341 3736 1417 sedulum.

677 1462 921 1539 Talem
964 1488 1080 1538 me
1128 1460 1477 1561 recipiatis
1526 1484 1785 1563 quaeso
1803 1518 1824 1551 ,
1892 1461 2083 1561 quod
2150 1462 2321 1562 quin
2371 1486 2628 1537 omnes
2673 1460 2925 1537 facturi
2981 1461 3134 1537 sitis
3153 1519 3174 1550 ,
3224 1460 3552 1561 equidem
3596 1485 3740 1537 non

678 1582 951 1661 dubito.
1053 1583 1268 1663 Quod
1332 1582 1521 1661 enim
1582 1581 1903 1658 nonnulli
1950 1588 2273 1659 vestrum
2332 1582 2608 1683 scriptis
2669 1582 2844 1657 mihi
2893 1581 3036 1658 iam
3091 1581 3571 1681 significarunt
3619 1590 3745 1657 aut

676 1704 907 1779 verbis
920 1764 943 1795 ,
991 1704 1181 1780 idem
1232 1704 1601 1804 plerosque
1640 1702 1961 1781 lubentes
2003 1704 2343 1780 affirmare
2391 1703 2564 1779 velle
2604 1728 3015 1804 persuasum
3058 1702 3255 1781 mihi,
3273 1711 3400 1779 est.
3472 1702 3741 1777 Verum

676 1822 849 1901 haec
922 1822 1131 1899 hodie
1192 1824 1487 1901 ulterius
1546 1849 1688 1901 non
1758 1848 2156 1925 prosequar.
2256 1823 2476 1899 Feriis
2539 1825 2684 1900 iam
2756 1824 2956 1900 vobis
3027 1823 3166 1898 frui
3229 1822 3431 1899 liceat
3488 1820 3738 1899 faustis

672 1945 1015 2049 laetisque
1030 2006 1051 2037 ,
1122 1954 1195 2023 et
1256 1948 1400 2023 otio
1467 1946 1801 2047 frugifero
1862 1951 2075 2046 atque
2128 1945 2485 2021 fructuoso
2499 2002 2520 2035 ‚
2581 1953 2665 2021 ut
2715 1946 2857 2021 veri
2903 1942 3136 2021 studio
3179 1944 3554 2044 flagrantes
3601 1942 3740 2018 huc

672 2065 1013 2157 redeatis,
1066 2066 1237 2143 salvi
1254 2125 1275 2158 ,
1328 2068 1621 2158 alacres,
1670 2067 1919 2143 forteal

772 2306 888 2381 'Pu
942 2328 1107 2383 vero
1128 2364 1149 2397 ,
1197 2306 1397 2383 Deus
1442 2308 1531 2383 Ο.
1580 2308 1727 2396 Μ.,
1798 2306 2067 2409 Spiritu
2125 2314 2252 2383 tuo
2312 2305 2568 2382 Sancto
2623 2329 2754 2381 nos
2817 2328 3061 2379 omnes
3123 2302 3436 2391 imbuas⁸
3499 2308 3573 2376 et
3622 2324 3748 2400 per

666 2425 939 2502 Filium
988 2434 1195 2501 tuum
1249 2426 1595 2527 propitius
1648 2426 1853 2503 nobis
1904 2425 2092 2503 adsis
2106 2485 2127 2518 ,
2188 2425 2608 2503 Academiae
2657 2431 2730 2501 et
2780 2422 3128 2499 Ecclesiae
3170 2420 3433 2511 faveas,
3482 2416 3744 2520 patriae

668 2550 955 2621 nostrae
1002 2544 1409 2647 prospicias!

2092 3659 2344 3720 DIXI.
