4730 6049
1878 648 2440 717 ORATIO.
3561 654 3686 717 111

614 857 863 935 tisnta‘a
921 882 1005 935 ac
1064 855 1545 936 benevolentia
1607 861 1835 933 vestra
1892 856 2141 935 abutar
2152 890 2174 945 ;
2242 808 2496 956 partim
2557 865 2638 933 ut
2702 857 2979 933 Oratori
3018 858 3284 935 ‚labenti
3330 860 3438 937 vel
3481 860 3691 935 etiam

610 977 875 1055 erranti
892 1036 915 1069 ‚
978 1003 1063 1054 ea
1106 1002 1287 1077 quae
1325 976 1781 1083 vobisinest,
1848 976 2283 1055 humanitate
2329 977 2702 1077 ignoscatis
2721 1037 2742 1069 ,
2792 976 2938 1055 Vos
2984 1004 3226 1056 omnes
3247 1039 3269 1069 ,
3319 980 3694 1057 Auditores

612 1098 1005 1199 plurimum
1050 1096 1475 1173 honorandi!
1528 1096 1731 1173 enixe
1776 1122 1969 1197 rogo.

712 1338 1173 1435 Quamquam
1217 1334 1603 1436 permultos
1648 1358 1799 1413 esse
1842 1336 2137 1413 arbitror
2153 1394 2175 1426 ,
2224 1338 2353 1437 qui
2395 1337 2818 1415 Historicam
2857 1328 3210 1439 religionis
3253 1337 3688 1415 Christianae

614 1456 923 1533 sadotem
970 1456 1297 1545 minoris,
1346 1478 1561 1555 quam
1602 1480 1729 1555 par
1772 1462 1918 1545 est,
1964 1456 2262 1547 faciant,
2310 1482 2730 1557 perpaucos,
2781 1458 2842 1535 si
2893 1458 3105 1547 ullos,
3155 1482 3306 1533 esse
3345 1457 3685 1557 suspicor,

616 1576 745 1676 qui
789 1576 1033 1651 latiore
1080 1575 1385 1675 quodam
1438 1600 1651 1655 sensu
1690 1576 1903 1653 talem
1942 1576 2047 1655 illi
2086 1577 2392 1662 indolem
2447 1578 2868 1657 abiudicent.
2967 1579 3156 1657 Ante
3201 1577 3437 1656 omnia
3476 1576 3694 1677 igitur

614 1695 1097 1789 definiendum
1154 1695 1325 1785 erit,
1392 1721 1535 1797 quo
1606 1720 1821 1773 sensu
1889 1697 2317 1775 Historicam
2379 1698 2570 1777 illam
2592 1756 2614 1788 ,
2663 1722 2878 1798 quam
2947 1698 3092 1773 dixi
3109 1756 3130 1788 ,
3179 1698 3488 1775 indolem
3535 1696 3691 1771 reli-

614 1816 813 1917 gioni
871 1814 1309 1891 Christianae
1373 1816 1719 1906 tribuam5
1789 1824 1869 1893 ut
1924 1817 2091 1893 inde
2152 1826 2426 1917 pateat,
2493 1844 2634 1919 quo
2681 1844 2892 1897 sensu
2935 1818 3128 1895 illam
3173 1820 3380 1921 plane
3427 1817 3694 1917 negligi

614 1960 701 2013 ac
756 1936 1109 2013 contemni
1166 1958 1369 2035 posse
1386 1993 1409 2026 ‚
1470 1944 1543 2012 et
1587 1960 1821 2015 revera
1864 1936 2071 2015 hodie
2118 1964 2163 2015 a
2214 1939 2570 2020 nonnullis
2621 1939 2922 2017 nimium
2967 1946 3270 2040 spretam
3315 1962 3466 2013 esse
3511 1936 3691 2013 exis-

616 2057 887 2133 timem.
997 2056 1125 2131 Uti
1172 2055 1457 2155 quaevis
1496 2056 1741 2156 religio
1758 2113 1780 2145 ,
1840 2080 2021 2156 quae
2046 2061 2359 2157 positiva
2401 2059 2540 2135 dici
2583 2060 2981 2149 consuevit,
3051 2060 3340 2137 simulac
3383 2058 3690 2146 exstitit,

618 2176 1181 2277 qualemcunque
1240 2174 1493 2251 habuit
1555 2175 1981 2267 Historiam,
2048 2178 2153 2255 sic
2212 2202 2494 2278 quoque
2555 2178 2960 2279 religionem
3013 2179 3482 2258 Christianam
3529 2178 3694 2255 inde

614 2322 661 2373 a
720 2295 869 2373 suis
934 2294 1293 2372 natalibus
1354 2320 1556 2373 suam
1616 2296 1945 2375 habuisse
1962 2354 1985 2387 ‚
2050 2298 2205 2375 aliis
2250 2306 2333 2375 ut
2385 2298 2614 2379 dicam
2663 2298 2922 2378 verbis:
2985 2324 3211 2377 ussum
3254 2300 3696 2375 Nazarenum

616 2417 977 2518 quondam
1038 2416 1115 2491 in
1182 2416 1577 2493 Palaestina
1632 2417 1921 2507 vixisse,
1988 2418 2325 2497 nonnulla
2392 2420 2482 2495 de
2521 2444 2738 2519 regno
2785 2419 3065 2497 coelesti
3113 2444 3158 2495 a
3209 2444 3284 2493 se
3323 2418 3694 2495 condendo

620 2536 978 2625 docuisse,
1028 2544 1101 2611 et
1144 2562 1189 2613 a
1230 2558 1503 2613 ronne
1556 2560 1822 2613 rma'ro
1842 2594 1863 2625 ,
1912 2537 2219 2615 Iudaeae
2265 2539 2592 2615 Praeside
2639 2538 2827 2615 cruci
2871 2563 3024 2617 esse
3079 2539 3368 2641 affixum
3415 2580 3516 2595 -
3563 2537 3696 2613 hoc

614 2682 829 2733 nemo
894 2680 1064 2733 sana
1127 2662 1361 2733 mente
1432 2656 1789 2756 praeditus
1828 2656 1905 2731 in
1948 2657 2483 2734 controversiam
2529 2655 2820 2734 vocabit.
2922 2658 3046 2733 Me
3091 2664 3324 2733 tamen
3371 2656 3564 2733 aliud
3615 2682 3695 2733 ac

622 2776 851 2851 maius
894 2775 1073 2875 quid
1114 2774 1193 2851 in
1240 2781 1477 2853 mente
1522 2775 1891 2866 habuisse,
1950 2776 2153 2853 facile
2196 2776 2623 2877 intelligetis.
2719 2776 2960 2875 Atque
3003 2775 3079 2852 id
3127 2782 3412 2875 rogatus
3457 2775 3696 2851 nullus

620 2896 963 2973 affirmare
1027 2895 1275 2971 dubito
1294 2952 1317 2985 ‚
1382 2894 1459 2971 in
1522 2895 1857 2995 religione
1917 2896 2315 2973 Christiana
2381 2905 2528 2973 tam
2589 2902 2858 2979 aretum
2931 2894 3320 2975 Historiam
3384 2895 3568 2971 inter
3613 2903 3696 2983 ‚et

624 3016 1009 3094 doctrinam
1026 3075 1049 3106 ,
1112 3041 1281 3094 cum
1338 3014 1783 3096 theoreticam
1832 3026 1987 3094 tum
2035 3017 2411 3119 practicam
2431 3077 2454 3108 ,
2517 3016 2943 3096 intercedere
2985 3041 3247 3096 nexum
3271 3075 3292 3106 ,
3353 3022 3435 3093 ut
3481 3014 3697 3092 altera

623 3137 713 3214 ab
782 3137 1001 3214 altera
1064 3161 1352 3238 prorsus
1407 3135 1643 3214 divelli
1702 3148 2043 3238 nequeat3
2114 3147 2197 3216 ut
2255 3139 2506 3240 religio
2562 3138 2962 3216 Christiana
2981 3197 3004 3229 ,
3073 3139 3172 3216 sic
3233 3139 3506 3218 divulsa
3555 3161 3698 3217 non

623 3258 849 3360 magis
896 3257 1087 3334 salsa
1130 3265 1205 3332 et
1246 3257 1615 3334 incolumis
1660 3259 1951 3358 cogitari
1988 3258 2243 3358 possit,
2295 3283 2512 3358 quam
2553 3258 2946 3337 humanum
2983 3283 3234 3358 corpus
3271 3257 3422 3334 sine
3461 3257 3698 3338 animo

627 3379 735 3456 vel
802 3378 1121 3454 animum
1192 3377 1341 3454 sine
1400 3401 1681 3476 corpore
1740 3377 2043 3456 hominis
2104 3379 2261 3457 sani
2322 3397 2406 3456 ae
2468 3378 2766 3480 vigentis
2837 3379 3216 3478 imaginem
3261 3377 3393 3451 tibi
3445 3377 3696 3455 referre

626 3500 907 3576 dixeris,
1000 3500 1117 3574 Ne
1176 3505 1412 3575 tamen
1482 3509 1741 3574 temere
1800 3523 1883 3574 ac
1942 3505 2378 3596 praemature
2429 3498 2623 3574 vobis
2675 3498 3010 3578 sumsisse
3077 3521 3158 3572 ao
3226 3495 3542 3595 posuisse
3593 3497 3692 3569 vi-

628 3619 829 3710 dear,
900 3619 1095 3720 quod
1155 3619 1387 3696 adhue
1414 3652 1417 3656 ·
1446 3617 1887 3719 probandum
1957 3643 2041 3694 ac
2112 3617 2745 3696 demonstrandum
2789 3617 2921 3706 sit,
2989 3616 3102 3692 hic
3144 3614 3386 3717 paucis
3433 3637 3695 3698 memo·-

624 3765 820 3818 rasse
874 3747 949 3814 et
1004 3739 1393 3816 ostendisse
1454 3737 1787 3814 sufficiat:
1860 3760 2088 3814 ursum
2134 3737 2370 3838 ipsum
2421 3737 2712 3836 eiusque
2755 3738 3132 3838 Apostolos
3151 3795 3174 3826 ,
3243 3735 3437 3813 haud
3479 3735 3698 3812 alium

628 3885 801 3938 suae
840 3859 1163 3960 religioni
1202 3857 1543 3936 indidisse
1586 3883 1671 3936 ao
1715 3855 2045 3934 tribuisse
2092 3857 2595 3946 characterem3
2649 3857 2756 3933 uti
2797 3867 2871 3934 et
2917 3858 3069 3956 ipsa
3115 3854 3484 3956 Euangelii
3515 3877 3696 3930 nun-

628 3981 795 4058 eiati
860 3979 1290 4079 feliciterque
1359 3978 1727 4078 propagati
1784 3971 2071 4054 hi'storia
2132 3975 2450 4054 eiusdem
2521 3975 2776 4054 indolis
2839 3975 3282 4076 signaculum
3333 3976 3408 4050 in
3473 3973 3697 4050 fronte

630 4100 832 4202 gerit.
934 4098 1133 4179 Quid
1198 4101 1452 4176 mes?
1548 4099 1749 4174 Lieet
1810 4121 2091 4197 prorsus
2135 4097 2486 4197 praeclara
2527 4122 2610 4174 ac
2653 4095 2890 4174 divina
2937 4095 3026 4174 de
3071 4097 3226 4172 Deo
3245 4154 3267 4184 ,
3331 4094 3483 4176 eius
3528 4095 3698 4170 Pro-

633 4219 943 4296 videntia
1002 4224 1379 4320 nostraque
1440 4220 1580 4296 vita
1642 4226 1923 4296 aeterna
1986 4217 2300 4294 docuerit
2316 4275 2337 4306 ,
2413 4217 2577 4294 licet
2641 4216 2992 4318 quantivis
3064 4215 3272 4316 pretii
3336 4221 3701 4314 praecepta

634 4341 923 4416 moralia
956 4339 1285 4430 ediderit,
1334 4339 1493 4440 quis
1536 4347 1771 4424 temen
1814 4363 1957 4414 non
2006 4337 2227 4426 videt,
2277 4337 2526 4438 quanti
2559 4337 2772 4414 fidem
2807 4335 3090 4440 sibimet
3127 4333 3266 4434 ipsi
3301 4331 3693 4410 habendam
3755 4331 3763 4338 ’

636 4460 917 4538 feeerit?
1032 4451 1270 4539 Quam
1334 4461 1427 4536 ad
1485 4459 1701 4536 fidem
1766 4464 1851 4533 ut
1910 4458 2228 4536 homines
2292 4457 2711 4545 adduceret,
2781 4454 2996 4533 vitam
3065 4477 3260 4534 suem
3279 4510 3300 4540 ,
3371 4449 3579 4526 verba
3627 4456 3697 4524 et

638 4579 822 4658 facta
874 4603 1215 4680 magnum
1280 4578 1853 4676 salutiferumque
1920 4602 2099 4678 opus
2154 4601 2197 4654 a
2252 4579 2460 4654 Patre
2517 4575 2656 4654 sibi
2711 4573 3210 4654 demandatum
3260 4571 3512 4646 iterum
3557 4569 3696 4648 ite-

638 4725 939 4802 rumque
980 4707 1277 4776 testatus
1326 4709 1435 4776 est
1459 4703 1550 4794 ²).
1650 4700 1977 4778 Quonam
2024 4697 2534 4797 sapientissimo
2581 4695 2866 4772 consilio
2909 4691 3274 4768 duodecim
3321 4690 3696 4791 discipulos

644 4820 779 4896 sihi
838 4820 1283 4914 adiunxerit,
1336 4844 1577 4898 nonne
1622 4818 1929 4920 optimus
1972 4817 2319 4918 Magister
2367 4816 2642 4892 disertis
2686 4811 3056 4890 declaravit
3101 4810 3327 4888 verbis
3341 4868 3362 4900 ‚
3425 4811 3698 4888 futuros
