4730 6049
1053 638 1181 706 136
2228 636 2301 703 Β.
2376 636 2579 703 TER
2647 634 2945 701 HAAR

1042 870 1185 921 non
1236 853 1515 919 tantum
1572 842 1926 918 vulnerare
1948 900 1969 931 ,
2020 833 2145 918 sed
2189 843 2400 919 etiam
2445 868 2727 933 sanare,
2775 850 3176 920 conservata
3211 842 3372 918 Tibi
3407 844 3591 934 filia,
3639 852 3715 919 et
3748 844 4114 935 restituto,

1041 965 1256 1039 veluti
1324 990 1413 1039 ex
1472 963 1638 1038 Orci
1696 962 2015 1039 faucibus
2036 1022 2057 1053 ,
2125 964 2271 1039 filio
2335 963 2788 1039 dilectissimo
2811 1022 2832 1053 ,
2899 964 3145 1039 eodem
3201 964 3332 1039 hoc
3386 988 3572 1039 anno
3615 972 3948 1063 expertus
3997 965 4116 1039 es!

1039 1085 1179 1159 Pro
1246 1084 1433 1159 hisce
1501 1083 1831 1158 omnibus
1854 1142 1875 1173 ,
1942 1109 2071 1184 pro
2130 1085 2403 1161 cunctis
2466 1084 2854 1173 beneficiis,
2915 1084 2991 1157 in
3057 1108 3172 1157 me
3225 1108 3506 1185 quoque
3557 1084 3866 1173 collatis,
3915 1084 4118 1175 Tibi,

1037 1204 1537 1305 benignissime
1584 1204 1973 1280 Luminum
2020 1205 2265 1282 Pater!
2318 1204 2414 1281 sit
2461 1204 2614 1280 laus
2661 1230 2742 1280 ac
2791 1203 3050 1305 gloria!

1133 1683 1243 1757 De
1288 1684 1560 1758 Museis
1600 1682 1893 1782 aliisque
1942 1683 2336 1759 studiorum
2383 1681 2822 1757 adminiculis
2874 1682 3084 1758 verbo
3131 1687 3410 1756 tantum
3456 1706 3685 1781 agam.
3765 1682 4108 1757 Museum

1028 1800 1409 1899 Physicum
1429 1858 1452 1890 ,
1500 1801 1997 1875 Anatomicum
2044 1809 2115 1876 et
2163 1800 2696 1876 Laboratorium
2745 1800 3310 1901 Physiologicum
3355 1799 3832 1900 compluribus
3879 1800 4109 1901 iisque

1031 1920 1330 2020 egregiis
1374 1919 1872 2020 speciminibus
1929 1921 2036 1995 vel
2082 1922 2567 1997 instrumentis
2620 1928 2786 1994 sunt
2834 1929 3076 1996 ornata
3091 1955 3112 2010 ;
3165 1922 3426 2021 quibus
3481 1921 3694 1997 etiam
3713 1980 3735 2009 ‚
3783 1920 4114 1997 adductis

1032 2040 1140 2115 vel
1192 2041 1561 2115 exstructis
1603 2040 1799 2115 novis
1848 2040 2116 2116 scriniis
2164 2052 2236 2117 et
2288 2042 2621 2130 scamnis,
2669 2041 2896 2141 aptior
2939 2042 3130 2117 locus
3173 2048 3282 2116 est
3325 2042 3566 2133 datus;
3619 2065 3760 2141 quo
3805 2038 4112 2131 factum,

1033 2168 1115 2234 ut
1162 2161 1634 2250 collectiones,
1685 2161 1936 2236 theatri
1982 2163 2239 2251 instar,
2290 2161 2540 2237 melius
2589 2161 2864 2259 disponi
2906 2162 3264 2260 oculisque
3307 2163 3560 2263 exponi
3599 2162 3892 2261 possint.
3968 2161 4112 2236 Cli-

1029 2280 1267 2355 nicum
1315 2280 1887 2379 ophthalmicum
1928 2281 2171 2371 floret,
2208 2290 2279 2357 et
2321 2282 2824 2371 laborantium,
2871 2280 3000 2379 qui-
3036 2280 3174 2356 huc
3217 2280 3720 2382 confugerunt,
3767 2306 4110 2357 numerus

1030 2402 1160 2476 hoc
1222 2425 1407 2475 anno
1466 2400 1833 2499 insigniter
1900 2402 2213 2477 accrevit.
2318 2401 2615 2502 Specula
2681 2402 3166 2477 Astronomica
3231 2402 3586 2477 nonnullis
3632 2401 3866 2478 adhuc
3914 2402 4113 2479 valde

1028 2520 1467 2609 necessariis,
1520 2520 1645 2594 sed
1688 2520 1935 2597 iisdem
1976 2522 2177 2596 valde
2218 2522 2584 2621 pretiosis,
2635 2522 3117 2597 instrumentis
3158 2521 3450 2622 indiget.
3534 2522 3818 2603 Quibus
3861 2546 4108 2623 quam-

1031 2641 1158 2714 diu
1209 2664 1348 2715 non
1394 2640 1599 2739 plane
1647 2648 2091 2739 prospectum
2144 2641 2402 2733 fuerit,
2465 2642 2640 2742 quid
2689 2641 2940 2717 melius
2991 2650 3230 2741 optare
3281 2666 3694 2740 possumus,
3761 2667 3976 2742 quam
4031 2650 4112 2719 ut

1026 2760 1447 2837 clarissimus
1508 2769 1742 2836 noster
1810 2784 2017 2836 nonx
2088 2762 2182 2838 ad
2253 2763 2573 2864 magistri
2641 2764 2753 2838 sui
2815 2762 3246 2839 celeberrimi
3301 2762 3706 2863 exemplum
3749 2763 4108 2867 attendat,

1025 2881 1229 2955 cuius
1281 2881 1560 2981 egregia
1609 2904 1693 2956 ac
1735 2882 2107 2982 praecipua
2161 2884 2315 2959 laus
2335 2941 2357 2973 ,
2408 2909 2496 2959 ex
2540 2883 2859 2958 omnium
2906 2884 3287 2983 peritorum
3337 2882 3596 2959 iudicio
3614 2941 3636 2971 ,
3687 2882 3996 2957 maxime
4037 2879 4114 2955 in

1027 3027 1109 3076 eo
1176 3002 1479 3077 cernitur
1501 3059 1522 3087 ‚
1588 2999 1781 3099 quod
1848 3007 1994 3077 tam
2047 3003 2319 3103 exiguis
2373 3003 2815 3080 adminiculis
2861 3010 3006 3079 tam
3052 3003 3404 3103 praeclara
3447 3030 3528 3081 ac
3577 3027 3832 3104 magna
3885 3001 4112 3103 perfe-

1024 3121 1247 3194 cerit?
1314 3163 1413 3176 —
1478 3120 1590 3194 De
1650 3121 2067 3197 Nosocomio
2134 3123 2432 3224 eiusque
2497 3125 2681 3200 tristi
2728 3124 3124 3201 conditione
3173 3124 3293 3200 hic
3345 3131 3648 3200 moestas
3695 3123 4114 3224 saepiusque

1029 3239 1359 3338 repetitas
1418 3262 1743 3316 renovare
1809 3242 2125 3340 querelas
2174 3245 2275 3320 nil
2326 3244 2596 3322 attinet.
2696 3245 2883 3336 Quid
2933 3245 3172 3319 enim?
3271 3245 3618 3320 Novimus
3665 3268 3831 3320 cum
3885 3243 4108 3320 Cura-

1032 3358 1302 3434 toribus
1319 3418 1341 3448 ‚
1402 3367 1557 3434 tum
1620 3361 2155 3462 Magistratibus
2202 3365 2396 3440 urbis
2440 3365 2874 3468 propositum
2927 3388 3080 3441 esse
3129 3389 3278 3440 rem
3323 3365 3600 3440 tamdiu
3647 3363 4112 3440 desideratam

1032 3479 1209 3555 serio
1256 3480 1547 3580 agendi;
1600 3482 1791 3580 quod
1840 3484 2112 3561 utinam
2158 3492 2480 3586 optatum
2526 3488 2780 3563 habeat
2825 3486 3198 3561 eventum!
3247 3527 3351 3547 —
3397 3485 3674 3562 Hortus
3723 3484 4110 3561 Botanicus

1032 3602 1200 3677 satis
1266 3601 1447 3676 laeto
1508 3602 1772 3701 gaudet
1821 3611 2013 3679 statu
2059 3611 2168 3695 et,
2237 3631 2442 3685 curae
2499 3607 2862 3683 clarissimi
2913 3605 3136 3681 nostri
3191 3627 3478 3682 :nomen
3529 3604 4060 3682 commendatus
4081 3662 4104 3696 ,

1034 3721 1317 3796 laetiora
1366 3745 1448 3795 ac
1510 3721 1771 3796 maiora
1836 3723 2047 3797 etiam
2094 3726 2410 3823 spondet.
2463 3771 2565 3790 —-
2609 3727 3086 3803 Bibliothecae
3137 3723 3330 3800 atriis
3375 3725 3774 3826 nuperrime
3821 3724 4110 3800 cubicu-

1034 3842 1186 3915 lum
1250 3839 1419 3913 satis
1479 3839 1795 3938 amplum
1854 3848 1963 3916 est
2030 3843 2349 3921 additum
2372 3905 2396 3936 ,
2464 3847 2658 3947 quod
2717 3847 2938 3922 cuivis
2989 3843 3282 3920 intranti
3327 3868 3461 3919 suo
3517 3845 3742 3920 nitore
3794 3869 3868 3918 se
3919 3867 4108 3920 com-

953 4063 957 4067 .
1035 3958 1324 4036 mendat
1342 4015 1363 4046 ,
1428 3967 1500 4032 et
1562 3981 1841 4034 omnem
1906 3963 2404 4062 supellectilem
2459 3969 2770 4044 continet
2789 4023 2810 4054 ,
2870 3989 3052 4063 quae
3099 3961 3608 4040 Bibliothecam
3653 3965 4110 4040 invisentium

1042 4087 1115 4153 et
1152 4077 1746 4177 frequentantium
1798 4083 2179 4159 commodis
2222 4085 2550 4162 inservire
2593 4085 2834 4186 possit.
2935 4082 3448 4182 Supeuectilem
3491 4108 3868 4183 generosae
3911 4087 4106 4160 Ano-

1042 4197 1238 4298 nymi
1294 4197 1657 4274 cuiusdam
1732 4199 1901 4276 civis
1964 4202 2039 4278 in
2100 4203 2229 4282 hac
2296 4215 2536 4283 nostra
2597 4205 2768 4280 urbe
2824 4202 3219 4280 liberalitati
3282 4202 3642 4280 debemus.
3745 4205 3964 4283 Quod
4015 4205 4112 4280 ad

1036 4319 1264 4419 ipsam
1302 4315 1809 4394 Bibliothecam
1852 4320 2145 4415 attinet,
2192 4348 2432 4400 curam
2477 4325 2631 4399 eius
2673 4323 3120 4400 doctissimus
3165 4345 3614 4399 VEBMEUIAEN
3655 4323 3911 4400 habere
3953 4349 4109 4424 per-

1040 4440 1148 4540 git
1200 4437 1501 4514 maxime
1550 4436 1995 4517 laudabilem.
2095 4441 2472 4519 Librorum
2513 4468 2846 4519 numerus
2868 4502 2890 4534 ,
2955 4441 3434 4519 munificentia
3482 4443 3702 4546 Regis
3722 4503 3742 4535 ‚
3807 4443 4110 4543 pecunia

1038 4585 1083 4636 a
1146 4558 1603 4634 Curatoribus
1659 4582 1983 4634 concessa
2012 4560 2123 4642 ‚ad
2172 4561 2350 4638 bene
2397 4564 2622 4640 multa
2665 4589 2746 4639 ac
2788 4563 3090 4663 pretiosa
3139 4586 3349 4662 opera
3365 4620 3388 4654 ‚
3436 4563 3844 4662 praesertim
3890 4589 3934 4638 e
3983 4562 4108 4642 Bia

1040 4678 1385 4756 bliotheca
1448 4678 1861 4754 Voorstiana
1877 4733 1900 4768 ,
1972 4681 2269 4757 emenda
2336 4683 2678 4783 nobisque
2748 4683 3170 4783 acquirenda
3183 4741 3206 4773 ,
3283 4683 3413 4758 hoc
3487 4708 3670 4762 anno
3739 4683 4108 4784 insigniter

1042 4807 1149 4872 est
1190 4808 1458 4874 auctus
1556 4797 1929 4874 Accessere
1974 4809 2368 4878 exterarum
2421 4803 2846 4880 societatum
2891 4803 3126 4880 oblata
3167 4826 3458 4880 munera
3475 4860 3498 4893 ‚
3548 4805 3912 4905 multaque
3962 4803 4104 4903 pri·
