4730 6049
1367 1148 1785 1256 ACTA
1884 1151 2077 1256 ET
2173 1151 2684 1260 GESTA
2781 1155 2934 1260 IN
3035 1152 3652 1260 SENATU

1690 1427 1789 1509 IN
1843 1429 2341 1511 ACADEMIA
2393 1429 3320 1516 LUGDUNO-BATAVA.

2239 1769 2774 1786 ἡ

2320 2033 2414 2108 A.
2471 2033 2686 2108 1859.

971 2221 1111 2298 Die
1162 2225 1257 2298 25
1324 2246 1419 2299 m.
1468 2223 1731 2300 Martii.
1833 2225 2249 2301 Recitantur
2318 2207 2558 2302 literae
2621 2227 3042 2304 Curatorum
3086 2225 3346 2326 quibus
3389 2223 3682 2300 Senatui
3719 2245 4030 2298 eommu-

1070 2363 1093 2376 “
1320 2341 1590 2434 nicant,
1664 2343 1883 2446 Regis
1956 2345 2464 2445 Angustissimi
2526 2345 2802 2422 decreto
2871 2347 2942 2422 d.
2995 2348 3040 2422 8
3095 2369 3192 2420 m.
3243 2343 3486 2419 Martii
3549 2340 4029 2418 doctissimum

1320 2485 1645 2539 Ρ.Δ.1)Β
1686 2487 1875 2540 sonu
1940 2465 2330 2541 Literarum
2391 2466 2822 2542 Persicarum
2877 2465 3462 2564 'Pureicarumque
3501 2463 3907 2550 lectorem,
3957 2471 4029 2534 et

1313 2583 1831 2660 ornatissimum
1883 2609 1963 2662 Μ.
2010 2609 2061 2662 1.
2112 2607 2211 2660 nn
2274 2608 2506 2661 uon-113
2568 2585 2988 2662 Adiutorem
3047 2583 3457 2684 Interpretis
3519 2581 3770 2683 Legati
3825 2581 4027 2656 War-

1314 2703 1579 2780 neriani
1620 2705 1919 2782 alterum
1966 2711 2235 2782 creatos
2284 2728 2459 2781 esse.

1404 2823 1833 2901 Professores
1898 2824 2113 2902 creati
2168 2848 2239 2900 n.
2284 2847 2351 2900 tr.
2399 2847 2476 2898 n.
2525 2845 2590 2899 ι’.
2641 2847 2711 2899 Ι..
2753 2847 2826 2898 Δ.
2875 2845 3024 2898 vm
3073 2844 3413 2898 nonnvu.
3463 2843 3704 2897 numi
3755 2827 3826 2896 et
3863 2843 3916 2896 1.
3959 2841 4024 2895 Β.

1316 2964 1732 3035 eounsmr,
1819 2945 1894 3018 in
1973 2944 2239 3019 Senatu
2298 2941 2729 3043 amplissimo
2811 2942 3300 3045 iusiurandum
3380 2947 3756 3042 praestant.
3854 2939 4030 3014 Mox

1308 3058 1491 3135 Clsr.
1544 3084 1921 3137 uounsrffl·
1965 3085 2227 3137 munus
2281 3062 2684 3163 auspicatur
2744 3063 3052 3139 oratione
3118 3062 3360 3139 habita
3418 3064 3503 3138 de
3556 3064 3780 3137 studio
3833 3048 4038 3135 Ium

1314 3176 1613 3255 Romani
1657 3180 1785 3257 leae
1825 3205 2088 3282 quoque
2137 3188 2369 3259 aetate
2423 3186 2496 3257 in
2541 3185 2782 3282 patria
2829 3191 3064 3261 nostra
3116 3184 3490 3259 eoecolendo.

965 3369 1107 3446 Die
1204 3376 1255 3445 4
1318 3396 1413 3448 m.
1464 3374 1513 3448 J
1516 3376 1685 3452 unii.
1786 3376 1971 3455 Glar.
2022 3403 2095 3455 n.
2140 3402 2206 3455 vr.
2250 3404 2326 3455 n.
2375 3402 2442 3454 ι».
2479 3402 2550 3456 1..
2595 3403 2668 3455 A.
2709 3400 2861 3455 vim
2901 3400 3246 3453 nonnum
3288 3398 3530 3452 nunt.
3573 3398 3836 3451 munus
3867 3396 4024 3450 aus·

1308 3491 1583 3591 picatur
1616 3495 1855 3573 habita
1903 3498 2211 3575 oratione
2254 3502 2338 3574 de
2386 3524 2509 3575 usu
2549 3500 2826 3600 reyulae
2877 3500 3059 3574 Celei
3075 3556 3096 3587 ,
3145 3498 3320 3572 seire
3367 3498 3548 3597 [eyes
3590 3522 3723 3571 non
3765 3496 3888 3570 boa
3924 3502 4030 3571 est

1311 3616 1519 3689 verba
1564 3642 1797 3694 earum
1844 3626 2075 3695 tenere
2120 3622 2249 3694 sed
2287 3622 2421 3694 vim
2473 3646 2558 3694 ac
2591 3624 3004 3718 potestatem
3020 3676 3042 3709 ,
3109 3619 3182 3691 in
3233 3618 3767 3715 interpretandis
3785 3616 4024 3715 'leyum

1309 3734 1641 3833 imprimis
1688 3740 1981 3831 civilium
2030 3740 2386 3827 codicibus.

969 3920 1109 3997 Die
1158 3926 1255 3999 29
1320 3950 1414 4005 m.
1464 3931 1907 4027 Novembris.
2009 3936 2309 4010 Senatus
2375 3934 2574 4033 luget
2638 3932 2912 4009 obitum
2980 3930 3133 4006 Viri
3207 3929 3590 4007 Clarissimi
3646 3954 3711 4004 c.
3771 3952 3822 4003 1.
3875 3950 4024 4003 vsu

1306 4070 1567 4245 ἓξὲξ,
1636 4051 2049 4130 Professoris
2114 4054 2424 4143 emeriti,
2495 4051 2610 4127 die
2681 4054 2774 4127 13
2839 4074 2936 4126 m.
2988 4050 3417 4152 Septembris
3468 4051 3541 4138 h.
3591 4074 3653 4125 a.
3706 4048 3850 4123 vita
3902 4048 4020 4123 de-

1412 4289 1826 4367 Recitantur
1866 4292 2107 4369 literae
2159 4294 2580 4369 Curatorum
2640 4291 2900 4391 quibus
2939 4290 3229 4365 Senatui
3281 4288 3835 4376 communicant,
3882 4286 4020 4361 Re-

1316 4408 1461 4519 gis·
1490 4412 1997 4511 Angustissimi
2056 4414 2332 4489 decreto
2404 4412 2476 4490 d.
2551 4416 2645 4487 19
2703 4436 2799 4488 m.
2851 4409 3280 4510 Septembris
3347 4408 3877 4485 observatorem
3947 4405 4021 4479 in

1320 4527 1618 4629 Speculo
1682 4532 2167 4608 Astronomico
2236 4540 2547 4609 creatum
2607 4557 2758 4609 esse
2817 4529 3334 4607 ornatissimum
3395 4548 3776 4603 moouun
3835 4547 4019 4600 MAT-

1317 4668 1575 4726 rnmm
1622 4675 1783 4727 ΚΑΜ
1803 4708 1827 4743 ,
1882 4652 2177 4727 alterum
2240 4658 2480 4729 autem
2526 4654 3000 4730 Prosectorem
3051 4650 3331 4727 Theatri
3369 4646 3766 4725 Anatomici
3824 4669 4020 4722 orna·
4038 4740 4064 4755 ..

1178 4814 1185 4821 -
1317 4766 1669 4861 tissimum
1719 4795 2187 4850 emmunim
2230 4796 2540 4853 xosrnn.
