4730 6049
1788 610 2353 683 ORATIO.
3483 606 3618 685 171

550 824 765 909 Quod
806 820 1207 903 Tulli-nam
1240 822 1355 901 ita
1399 844 1541 901 non
1592 842 1835 901 verum
1880 830 1991 899 est
2010 877 2032 913 ,
2086 830 2167 899 ut
2210 844 2331 899 vos
2375 840 2620 898 omnes
2655 822 2790 897 sibi
2831 822 3301 926 assentientes:
3315 823 3604 899 habeat!

546 948 665 1025 Ad
700 948 995 1025 liberum
1032 946 1357 1023 emman!
1402 947 1543 1035 ‚De
1580 942 1711 1021 hae
1744 944 2043 1021 formula
2076 951 2319 1019 nostra
2352 943 2728 1044 gloriantes
2745 1001 2766 1032 ,
2803 942 2916 1017 ins
2943 944 3214 1019 critices
3253 944 3610 1021 vindican-

546 1078 659 1145 tes
674 1122 697 1160 ,
762 1070 859 1145 ad
924 1068 1215 1144 liberam
1278 1066 1802 1167 inquisitionem
1845 1073 1925 1141 et
1958 1064 2570 1165 investigationem
2625 1064 3063 1163 procedimus
3079 1123 3100 1154 ,
3139 1088 3426 1165 semper
3478 1065 3612 1143 hoe

548 1196 973 1266 sumentes:
1046 1195 1177 1263 aut
1234 1187 1473 1263 omnia
1493 1241 1515 1277 ,
1578 1194 1705 1263 aut
1764 1184 1983 1275 nihi1;
2052 1186 2175 1261 aut
2234 1185 2493 1261 tradita
2559 1186 2865 1285 accipere
2931 1186 3080 1260 sine
3143 1187 3382 1261 critica
3398 1246 3420 1277 ,
3485 1192 3614 1263 aut

547 1309 864 1411 germani
920 1308 1145 1384 critici
1208 1314 1441 1408 partes
1504 1320 1795 1407 agentes
1855 1329 2135 1381 omnem
2204 1306 2602 1405 perquirere
2671 1305 3139 1382 traditionem.
3239 1306 3430 1381 Illud
3485 1306 3612 1407 qui

545 1428 1029 1531 praescribunt
1088 1428 1296 1503 velim
1364 1426 1712 1527 explicent
1729 1486 1750 1517 ,
1816 1428 2067 1527 quidni
2120 1426 2325 1501 nobis
2381 1426 2572 1501 idem
2630 1426 2900 1501 licitum
2959 1426 3091 1517 sit,
3153 1427 3346 1526 quod
3395 1426 3612 1502 libere

544 1549 837 1625 fecerint
876 1546 1297 1623 traditiones
1342 1548 1709 1623 auctores?
1756 1546 1981 1639 Quid,
2030 1546 2223 1647 quod
2270 1547 2616 1621 Dominus
2665 1546 2816 1645 ipse
2865 1568 3072 1621 meus
3117 1568 3475 1623 enars'rns
3521 1570 3614 1623 ne

546 1668 757 1745 verbo
802 1668 1093 1769 quidem
1136 1668 1229 1743 de
1274 1666 1427 1743 iure
1474 1667 1781 1757 critices,
1831 1667 2023 1767 quod
2068 1666 2211 1741 iam
2260 1666 2333 1741 et
2370 1666 2788 1741 Christianis
2832 1666 3162 1741 omnibus
3205 1667 3278 1742 et
3319 1664 3611 1743 Theolo-

544 1789 657 1889 gis
713 1790 795 1863 in
858 1788 1107 1887 primis
1170 1788 1609 1863 vindicamus
1628 1846 1649 1876 ,
1705 1788 1977 1887 aliquid
2044 1786 2456 1863 detraxerit!
2536 1786 2788 1884 Inique
2845 1784 3150 1861 iudicare
3213 1785 3612 1861 interdixit!

544 1906 689 2001 Mo>
751 1910 1047 2009 κρίνετε
1064 1958 1089 2001 ,
1154 1908 1388 2009 inquit
1409 1966 1431 1997 ,
1500 1906 1674 1984 κατ’
1719 1909 1953 2003 ὄψιν,
2004 1906 2201 1986 ἀλλὰ
2262 1912 2402 2001 τὴν
2460 1903 2794 1984 δικαίαν
2851 1908 3112 2008 κρίσιν
3161 1909 3478 2007 κρίνατε
3526 1909 3614 2000 ¹).

545 2029 768 2107 Quod
823 2036 1015 2104 certe
1084 2028 1177 2103 ab
1244 2050 1329 2103 eo
1398 2046 1541 2105 non
1602 2028 1877 2103 dictum
1939 2037 2046 2103 est
2107 2030 2199 2105 de
2261 2038 2585 2105 accurata
2643 2026 3036 2102 traditionis
3093 2028 3577 2128 disquisitione
3594 2084 3617 2119 ,

543 2148 831 2249 egregie
896 2170 1055 2224 vero
1120 2150 1419 2248 quadrat
1476 2148 1551 2223 in
1614 2158 2109 2248 argumentum
2172 2156 2518 2225 nostrum.
2636 2148 3065 2247 Aequalium
3127 2157 3265 2225 τοῦ
3325 2151 3622 2251 κρίνειν

544 2268 979 2345 desiderium
1034 2290 1175 2345 non
1220 2268 1657 2369 vituperabat
1699 2290 1907 2345 lesus
1928 2328 1950 2359 ,
2000 2294 2230 2370 neque
2274 2291 2588 2368 unquam
2624 2268 2726 2342 illi
2771 2268 2846 2341 in
2892 2269 3126 2343 animo
3163 2270 3302 2343 fuit
3319 2328 3340 2359 ,
3391 2278 3622 2345 vetare

545 2390 930 2488 discipulos
943 2444 973 2491 ,
1022 2388 1111 2463 de
1160 2389 1247 2464 iis
1298 2412 1483 2488 quae
1534 2389 1890 2480 viderent,
1940 2390 2305 2481 audirent,
2358 2391 2705 2489 legerent,
2759 2388 3147 2464 secundum
3195 2389 3500 2465 veritatis
3551 2396 3623 2464 et

544 2510 925 2609 aequitatis
988 2508 1305 2609 regulam
1350 2510 1717 2620 iudicare3
1788 2512 1988 2591 Quid
2054 2535 2218 2587 eum
2281 2510 2589 2609 alioquin
2637 2509 3008 2599 movisset,
3061 2518 3142 2583 ut
3185 2510 3623 2585 auditoribus

546 2632 849 2706 diceret:
905 2634 1177 2707 anonas
1216 2634 1327 2726 μὴ
1370 2632 1463 2707 τὸ
1512 2640 1683 2727 φῶς
1730 2634 1825 2709 τὸ
1864 2634 1951 2710 ἐν
1988 2618 2125 2709 σοὶ
2166 2635 2450 2719 σκότος
2496 2632 2711 2707 ἐστίν
2743 2630 2868 2723 ⁸)i'
2945 2628 3064 2703 Ad
3107 2654 3410 2729 aequum
3439 2630 3624 2705 iudi·

542 2751 738 2827 cium
760 2810 785 2841 ,
852 2762 1181 2827 exactum
1242 2752 1423 2826 illud
1488 2752 1583 2826 ad
1652 2774 1971 2828 normam
2036 2750 2344 2827 veritatis
2363 2810 2385 2841 ,
2457 2748 2736 2850 egregie
2803 2746 2986 2823 valet
3038 2749 3161 2824 lux
3203 2749 3322 2825 illa
3337 2808 3358 2838 ,
3408 2767 3626 2850 quam

546 2871 719 2947 satis
784 2894 1366 2972 supervacaneam
1411 2872 1561 2947 sine
1612 2872 1833 2948 dubio
1878 2872 2175 2948 censetis
2192 2932 2213 2962 ,
2264 2872 2332 2947 si
2367 2871 2630 2947 criseos
2679 2869 3102 2945 exercendae
3153 2868 3228 2943 in
3273 2870 3484 2945 rebus
3531 2870 3626 2945 ad

544 2992 821 3068 Deum·
860 2992 1301 3092 salutemque
1356 2992 1575 3070 animi
1626 3002 1977 3070 aeternam
2042 2992 2521 3094 spectantibus
2573 2991 2689 3066 ius
2741 2988 3017 3065 nullum
3065 2988 3262 3064 vobis
3309 2989 3422 3068 sit.
3521 2991 3624 3068 At

544 3133 711 3188 vero
772 3121 937 3188 nest
979 3137 1173 3189 mora
1192 3114 1261 3188 1⁹¹
1308 3137 1429 3188 vos
1476 3111 1787 3188 dicentes
1832 3111 2045 3188 audio
2063 3171 2085 3202 ,
2134 3134 2502 3212 persuasos
2543 3111 2806 3187 scilicet
2851 3112 2945 3186 ad
2981 3133 3207 3186 unum
3249 3135 3494 3186 omnes
3533 3111 3626 3188 de

543 3233 703 3309 iure
764 3234 1041 3310 critices
1092 3234 1437 3312 inviolato,
1538 3234 1651 3309 Ne
1707 3233 1927 3333 igitur
1974 3233 2305 3308 orationis
2358 3231 2672 3308 taedium
2723 3255 2846 3305 vos
2909 3231 3178 3330 capiat,
3245 3232 3627 3310 Paulinum

542 3353 727 3431 illud
790 3355 1381 3454 praetermittam:
1448 3357 1759 3455 κρίνατε
1824 3357 2049 3451 ’ὑμεῖς
2088 3357 2137 3430 ὃ
2180 3381 2384 3450 φημι
2429 3354 2494 3446 ⁸)
2519 3411 2540 3442 ,
2591 3373 2711 3427 vos
2762 3351 2936 3426 mihi
2994 3351 3450 3426 assentientes
3507 3375 3624 3428 me

544 3448 967 3549 habiturum
1027 3474 1471 3562 existimans,
1544 3476 1920 3564 statuenti,
1992 3475 2221 3551 omnis
2298 3473 2725 3563 traditionis,
2801 3473 2878 3546 in
2941 3471 3186 3570 primis
3255 3492 3414 3546 vero
3467 3472 3622 3548 eius

549 3617 733 3692 quae
780 3594 1065 3668 Codicis
1114 3593 1305 3668 Sacri
1349 3594 1547 3668 libris
1584 3597 1987 3670 continetur
2005 3654 2026 3684 ,
2074 3603 2234 3670 tum
2276 3595 2564 3670 demum
2608 3593 2912 3693 pretium
2949 3605 3076 3666 nos
3115 3591 3337 3666 facere
3376 3615 3578 3691 posse
3595 3651 3620 3682 ,

548 3733 781 3812 quum
862 3711 1163 3812 singulis
1239 3714 1630 3814 indagatis,
1706 3716 2187 3816 pervestigatis
2206 3775 2226 3805 ,
2305 3714 2704 3791 diiudicatis
2723 3772 2744 3803 ,
2822 3711 2959 3813 ipsi
3003 3712 3622 3812 ¹perspexerimus,

548 3833 730 3933 quid
774 3834 1065 3910 tandem
1110 3834 1209 3909 ita
1248 3843 1333 3914 ut
1369 3857 1480 3910 res
1520 3859 1597 3910 se
1626 3835 2019 3911 habuerint
2062 3843 2419 3911 narratum
2440 3895 2461 3926 ,
2511 3834 2687 3936 quid
2732 3856 2819 3908 ex
2865 3831 3152 3908 veritate
3193 3833 3466 3912 dietum
3507 3832 3621 3910 sit.

650 4075 769 4150 sn.
810 4073 953 4163 ita,
1001 4073 1184 4173 quis·
1207 4074 1433 4165 diem
1482 4083 1559 4152 at
1604 4075 1739 4150 nisi
1780 4075 1869 4150 de
1915 4029 2185 4152 ofiiioes
2222 4096 2274 4150 n
2292 4099 2470 4152 orm
2489 4101 2532 4151 a
2577 4083 2887 4168 constet,
2935 4076 3112 4153 nihil
3157 4076 3430 4152 criticos
3465 4099 3626 4176 pro-

550 4194 757 4270 hibet
774 4249 799 4283 ,
842 4196 1227 4293 quominus
1268 4219 1553 4272 omnem
1598 4195 2047 4270 traditionem
2090 4195 2166 4270 in
2214 4221 2507 4271 examen
2555 4205 2874 4273 vocantes
2918 4196 3230 4273 reiiciant
3261 4196 3624 4297 quodcun-

550 4333 695 4413 que
762 4313 907 4388 sibi
970 4313 1374 4413 displiceat,
1446 4316 1525 4390 id
1592 4321 1865 4390 tantum
1936 4315 2312 4392 retinentes
2364 4315 2559 4418 quod
2609 4316 2746 4392 sibi
2793 4317 3156 4393 convenire
3203 4315 3624 4392 existiment.

637 4601 693 4684 ¹)
754 4598 903 4665 1011.
946 4600 1017 4666 7:
1063 4607 1157 4667 24.

632 4703 691 4786 ⁸)
755 4705 914 4766 Luc.
958 4708 1069 4766 11:
1112 4709 1208 4770 35.
1326 4787 1337 4798 ‚

636 4807 695 4884 ⁸)
764 4812 801 4868 1
848 4807 991 4868 Cor.
1034 4810 1142 4871 10:
1185 4814 1284 4873 15.

3145 4913 3296 4990 22·
