4730 6049
1076 638 1210 703 114
2241 636 2313 703 Β.
2383 630 2588 703 TER
2655 636 2952 706 nAAR

1070 842 1296 921 canda
1354 840 1709 942 religionis
1775 842 2061 917 veritate
2128 838 2422 917 internis
2485 843 2920 942 argumentis
2984 842 3348 943 primarias
3365 902 3388 935 ‚
3465 846 3768 921 externis
3785 903 3806 935 ,
3873 846 4138 947 quippe

1072 988 1254 1065 quae
1319 978 1446 1066 per
1510 988 1587 1038 se
1638 982 1779 1037 non
1825 960 2173 1038 sufficiant
2186 1020 2209 1053 ‚
2260 962 2700 1039 secundariae
2749 963 2860 1038 vel
2907 955 3278 1042 auxiliares
3323 966 3731 1043 demandari
3771 967 4144 1045 voluerunt

1066 1090 1319 1185 partes.
1419 1083 1565 1157 Alii
1629 1081 1931 1181 denique
1946 1140 1967 1171 ‚
2040 1080 2335 1157 ulterius
2401 1080 2922 1181 progredientes
2941 1138 2960 1171 ,
3033 1081 3224 1159 hisee
3291 1084 3496 1159 valde
3557 1084 3849 1186 exiguas
3905 1094 4141 1187 partas

1062 1205 1533 1303 reliquerunt,
1598 1220 1959 1277 summum
2022 1199 2099 1277 in
2160 1202 2635 1302 Apologeticis
2695 1204 3156 1280 conscientiae
3200 1204 3548 1281 humanae
3565 1260 3588 1295 ,
3637 1206 3781 1281 aiva
3835 1206 4140 1307 Spiritus

1064 1325 1288 1401 sancti
1336 1324 1735 1399 testimonio
1751 1380 1773 1412 ,
1824 1323 2213 1399 deferentes
2261 1322 2751 1423 principatum.

1158 1446 1542 1521 Lassmon
1620 1443 1965 1519 sententia
1986 1501 2008 1533 ,
2064 1444 2408 1543 -quamvis
2482 1441 2980 1520 Historicorum
3049 1452 3622 1544 argumentorum
3685 1445 3827 1523 vim
3889 1446 4134 1523 infrin-

1060 1588 1234 1667 gens
1252 1623 1274 1655 ,
1344 1565 1569 1665 ipsam
1628 1564 2016 1639 Historiam
2070 1564 2587 1663 quodammodo
2644 1564 2976 1640 intactam
3029 1562 3406 1663 reliquerat
3455 1565 3576 1657 ¹⁸)0
3693 1567 3794 1640 At
3839 1566 4136 1644 minime

1058 1686 1175 1761 hic
1244 1684 1777 1761 subsistendum
1840 1705 1995 1758 esse
2060 1684 2195 1759 rati
2215 1741 2238 1773 ‚
2310 1682 2430 1759 alii
2495 1684 2902 1785 Philosophi
2959 1708 3042 1760 ac
3105 1683 3442 1784 Theologi
3505 1682 3862 1760 Historiae
3917 1686 4131 1763 etim

1058 1828 1289 1883 sacrae
1339 1827 1621 1906 prorsus
1664 1804 1854 1880 idem
1898 1826 2189 1879 examen
2228 1803 2547 1878 criticum
2587 1805 3038 1879 subeundum
3085 1825 3238 1879 esse
3283 1804 3652 1879 voluerunt
3671 1862 3694 1895 ,
3745 1804 3939 1905 quod
3985 1806 4130 1883 iam

1056 1948 1453 2001 ninannan
1504 1924 1859 2000 laboribus
1917 1933 2201 2023 experta
2260 1931 2411 1999 erat
2480 1922 2798 1999 Historia
2851 1925 3191 1999 Romana.
3293 1922 3402 1999 Ac
3448 1924 3768 1999 novimus
3821 1942 4130 2024 quonam

1054 2047 1345 2122 eventu!
1400 2066 1781 2121 srnsussn
1826 2047 1973 2120 vita
2018 2066 2187 2119 rnsu
2224 2043 2568 2141 analytica
2610 2044 2938 2119 methodo
2982 2042 3374 2117 infaustum
3413 2043 3904 2119 destructionis
3947 2070 4128 2145 opus

1050 2166 1432 2254 inchoavit,
1505 2166 1695 2264 quod
1762 2163 2151 2264 synthetica
2202 2163 2430 2263 magis
2481 2164 2590 2239 via
2649 2164 3150 2263 perficiendum
3201 2165 3510 2263 suscepit
3559 2165 3812 2241 Schola
3859 2166 4126 2242 Tabia·-

1047 2286 1305 2387 gensis.
1405 2284 1561 2359 Hos
1626 2284 1692 2358 si
1740 2284 1982 2372 audis,
2034 2284 2094 2357 si
2138 2283 2297 2382 quis
2336 2283 2415 2357 in
2463 2284 2870 2384 Euangeliis
2923 2280 3310 2358 Historiam
3360 2284 3504 2360 vari
3549 2285 3858 2361 nominis
3907 2310 4122 2387 quae·

1047 2431 1197 2482 rere
1256 2405 1519 2505 pergit,
1586 2405 1881 2481 nebulas
1944 2428 2069 2503 pro
2116 2428 2400 2503 corpore
2424 2463 2445 2493 ‚
2494 2402 2720 2478 nubes
2771 2428 2898 2504 pro
2947 2406 3220 2478 Iunone
3265 2404 3730 2503 amplectitur.
3835 2404 4124 2505 Optime

1047 2525 1336 2601 inemini
1355 2584 1376 2614 ,
1424 2524 1516 2600 A.
1564 2524 1697 2600 A.!
1748 2533 1912 2599 ante
1963 2548 2221 2624 paucos
2270 2524 2402 2599 hos
2451 2548 2674 2601 annos
2718 2548 2833 2600 me
2875 2524 3385 2599 eruditissimos
3437 2525 3649 2600 etiam
3703 2526 3886 2602 viros
3941 2524 4125 2603 inter

1041 2656 1383 2722 nostrates
1444 2646 1865 2721 affirmantes
1916 2646 2189 2736 audire,
2266 2646 2460 2721 haud
2527 2646 2704 2723 adeo
2765 2643 3360 2721 reformidandum
3421 2668 3576 2721 esse
3623 2668 4120 2737 arnaussrmt,

1040 2766 1220 2842 bene
1286 2774 1359 2841 et
1421 2764 1625 2841 illum
1689 2774 1976 2841 eatenus
2038 2767 2127 2841 de
2178 2765 2556 2866 Theologia
2601 2787 2754 2841 esse
2803 2765 3135 2841 meritum
3153 2818 3173 2854 ,
3223 2772 3572 2863 quatenus
3624 2767 4117 2843 Rationalista-

1037 2902 1199 2963 rum
1258 2886 1558 2961 naturali
1623 2884 1713 2977 (si
1768 2885 1902 2959 Dis
1957 2886 2213 2985 placet)
2269 2886 2820 2987 interpretationi
2875 2885 3078 2961 letale
3129 2884 3384 2959 vulnus
3434 2885 3804 2975 inflixerit3
3855 2887 4118 2963 librum

1040 3029 1201 3082 vero
1266 3006 1499 3106 ipsum
1574 3029 1736 3080 mox
1797 3004 2126 3080 oblivioni
2186 3004 2524 3082 traditum
2579 3007 2687 3084 iri.
2789 3006 2930 3082 Sed
2997 3002 3122 3081 aut
3191 3029 3324 3104 ego
3377 3005 3656 3106 egregie
3700 3005 3940 3097 fallor,
3989 3014 4119 3084 aut

1041 3127 1153 3217 hi,
1222 3127 1429 3227 longe
1494 3125 1629 3200 alia
1694 3125 2117 3226 experientia
2187 3127 2456 3218 edocti,
2525 3151 2600 3203 se
2669 3151 2846 3203 vana
2911 3151 2994 3201 ao
3063 3122 3236 3200 falsa
3287 3135 3674 3226 angui-atos
3717 3151 3870 3202 esse
3921 3149 4117 3204 nunc

1040 3245 1325 3348 quidem
1402 3245 1761 3325 videbunt.
1860 3247 2091 3335 Quid,
2162 3249 2354 3347 quod
2421 3249 2682 3348 duplex
2744 3247 2865 3322 illa
2933 3245 3378 3345 hypothesis,
3443 3269 3624 3346 quae
3668 3247 3886 3322 veluti
3933 3249 4114 3350 lapis

1037 3365 1391 3467 angularis
1460 3387 1942 3441 sraaussum
2010 3367 2407 3466 systematis
2469 3366 2608 3440 diei
2675 3371 2979 3439 meretur
2997 3412 3021 3453 ,2
3091 3365 3338 3458 (altera
3383 3363 3738 3444 Historiae
3777 3369 4108 3468 mythum

1038 3487 1470 3563 substituens
1490 3545 1511 3574 ,
1576 3487 1791 3561 altera
1834 3486 2249 3562 miraculum
2298 3486 2771 3586 quodcunque
2791 3543 2812 3574 ,
2860 3485 3146 3584 propter
3186 3486 3266 3560 id
3320 3487 3552 3586 ipsum
3599 3489 3792 3588 quod
3837 3489 3932 3564 ait
3977 3489 4108 3564 mi·

1032 3608 1347 3684 raculum
1364 3667 1383 3697 ,
1457 3613 1753 3706 negans)
1829 3605 2039 3680 hodie
2102 3606 2294 3681 haud
2364 3607 2604 3706 paucis
2623 3664 2644 3696 ‚
2715 3615 2960 3706 utpote
3023 3607 3226 3681 unice
3277 3629 3438 3682 vera
3490 3631 3572 3683 se
3621 3610 4108 3686 commendare

1035 3727 1330 3804 videtur.
1429 3728 1596 3805 Qua
1632 3733 1928 3825 utraque
1968 3727 2336 3826 hypothesi
2381 3727 2720 3816 admissa,
2761 3725 3114 3825 quomodo
3157 3726 3230 3800 hi
3273 3726 3628 3828 religionis
3667 3729 4106 3806 Christianae

1033 3868 1350 3922 caussam
1396 3853 1761 3936 tueantur,
1810 3847 1947 3946 ipsi
1996 3847 2299 3923 videant.
2403 3847 2756 3947 Equidem
2777 3903 2798 3935 ,
2850 3846 2914 3919 si
2956 3854 3324 3944 utramque
3365 3867 3594 3922 meam
3635 3847 3972 3938 facerem,
4011 3849 4102 3924 de

1032 3965 1383 4066 Apologia
1432 3966 1573 4040 veri
1620 3967 1921 4042 nominis
1970 3967 2482 4067 desperandum
2533 3993 2686 4042 esse
2733 3967 2970 4067 potius
3016 3985 3388 4042 censerem.

1134 4086 1373 4162 Nolite
1429 4093 1664 4160 tamen
1715 4111 1756 4161 a
1803 4111 1918 4164 me
1966 4096 2365 4187 exspeetare
2383 4144 2405 4176 ,
2455 4089 2544 4163 A.
2581 4087 2716 4162 HJ
2785 4095 2868 4161 ut
2921 4095 3288 4186 utramque
3338 4088 3826 4186 gravissimam
3883 4110 4096 4187 quae·

1036 4205 1333 4280 ationem
1378 4207 1763 4306 aggrediar.
1824 4208 2045 4286 Quod
2080 4208 2140 4281 si
2182 4207 2426 4281 vellem
2467 4207 2580 4280 vix
2621 4228 2894 4306 possem
2909 4263 2929 4294 ‚
2981 4229 3218 4281 meum
3259 4231 3416 4282 non
3437 4233 3590 4284 esse
3617 4209 4094 4308 persentiens,

1030 4325 1163 4402 hae
1208 4327 1677 4426 qualicunque
1730 4351 1886 4404 mea
1928 4327 2238 4402 oratione
2288 4334 2550 4414 tantas,
2589 4309 2802 4425 ⁸quae
2868 4349 3055 4401 nuno
3111 4326 3427 4402 omnium
3473 4328 3746 4404 animos
3799 4350 4092 4429 suspen·

1030 4467 1143 4521 sos
1186 4453 1429 4522 tenent
1448 4506 1469 4536 ,
1519 4456 1589 4522 et
1635 4472 1763 4546 per
1810 4447 1981 4522 satis
2028 4447 2317 4544 longum
2367 4455 2643 4546 tempus
2695 4465 3066 4546 suspensos
3111 4447 3496 4536 tenebunt,
3547 4448 3872 4525 dirimere
3907 4449 4091 4525 lites.

1028 4566 1246 4645 Quod
1288 4567 1349 4641 si
1372 4589 1663 4672 ‘possem
1712 4567 1827 4642 vix
1874 4565 2119 4642 vellem
2136 4625 2157 4655 ,
2210 4567 2540 4664 quoniam
2577 4575 2928 4642 certamen
2971 4567 3068 4641 de
3105 4591 3188 4640 eo
3229 4566 3404 4666 quid
3449 4566 3602 4642 fleri
3649 4569 3872 4667 possit
3887 4627 3907 4656 ,
3961 4577 4094 4644 aut

1028 4709 1167 4759 non
1228 4687 1487 4784 possit,
1559 4687 1721 4761 licet
1793 4684 2275 4785 sagacissimas
2342 4695 2616 4762 mentes
2671 4695 3024 4774 exerceat,
3093 4705 3350 4786 param
3406 4687 3848 4763 fructuosum
3913 4688 4092 4763 mihi

1024 4805 1303 4879 videtur
1332 4806 1453 4920 ῙῨ).
1554 4807 1719 4882 Non
1766 4813 1913 4882 tam
1961 4805 2210 4906 hospes
2252 4824 2410 4881 sum
2459 4833 2538 4881 ae
2597 4807 3002 4906 peregrinus
3051 4807 3123 4882 in
3176 4807 3628 4908 Theologicae
3681 4809 4089 4909 disciplinae
