4730 6049
1073 637 1224 709 388
1375 669 1380 677 ⁴
1963 636 2037 705 B.
2107 637 2158 703 1.
2229 634 2763 703 Gnatum&
2836 632 3283 703 ORATIO.

1089 845 1336 923 saltem
1412 850 1768 945 prematur
1821 866 2124 921 annum.
2239 842 2447 935 Quod
2500 842 2577 918 si
2640 843 2883 919 feceris
2952 842 3191 919 nullus
3266 842 3562 932 dubito„
3630 866 3805 943 qmn
3868 842 4155 943 prodeat

1085 965 1405 1067 scriptio,
1451 988 1632 1065 quae
1671 964 1992 1041 omnium
2024 963 2417 1041 celebretur
2458 963 2829 1053 laudibus,
2868 988 3049 1064 quae
3096 964 3227 1041 fori
3264 964 3586 1063 vitasque
3632 963 3795 1040 usui
3830 962 4175 1039 inserviat.

1089 1108 1530 1185 magnopere.

1183 1206 1372 1297 Quid
1439 1203 1574 1281 tibi
1639 1203 1894 1279 deinde
1965 1204 2236 1295 dicam,
2311 1203 2417 1279 mi
2474 1207 2857 1281 scanni?
2920 1205 3087 1281 ¹Seis
3140 1228 3362 1305 quam
3424 1205 3667 1306 magni
3708 1212 3781 1281 te
3828 1204 4155 1293 facimus,

1083 1350 1298 1425 quam
1358 1332 1432 1401 te
1489 1350 1810 1401 amamus
1875 1350 2122 1401 omnes
2183 1325 2294 1402 tui
2343 1326 2477 1401 hac
2532 1326 2607 1401 in
2660 1324 3047 1401 Academia
3099 1332 3601 1425 praeceptores.
3696 1326 3963 1425 Pergae
4019 1346 4160 1424 qua

1083 1446 1365 1523 incedas
1410 1445 1540 1521 via.
1637 1445 1735 1520 Et
1773 1470 1858 1521 ea
1893 1471 2076 1546 quae
2121 1446 2196 1520 in
2245 1445 2512 1545 patriae
2533 1503 2555 1535 ,
2600 1444 2673 1519 in
2724 1444 2953 1545 Iptiae
3002 1444 3557 1539 emolumentum
3592 1470 3647 1521 a
3692 1452 3765 1521 te
3804 1452 4159 1545 exspem-

1081 1592 1244 1641 mus
1299 1566 1614 1666 perficias
1673 1565 1929 1641 omnia.
2051 1566 2212 1641 Hoc
2261 1565 2433 1655 tibi,
2478 1566 2837 1667 cognatis,
2886 1564 3219 1641 affinibus
3266 1589 3445 1666 quos
3482 1588 3768 1667 sperus⁸
3808 1590 3899 1641 ex
3940 1564 4160 1645 amni

1083 1694 1338 1787 exopto
1389 1686 1754 1762 sententia.

1175 1806 1525 1896 Accedas‚
1595 1805 2034 1881 ornatissime
2105 1807 2445 1881 xurrnul
2548 1802 2697 1881 Hoc
2738 1830 2949 1881 aureo
2998 1827 3335 1894 nummo,
3384 1805 3607 1906 Regis
3652 1804 4166 1905 Angustissini

1084 1925 1604 2027 disciplinarum
1649 1934 1723 2003 et
1757 1926 2018 2002 artium
2063 1925 2354 2001 fautoris
2398 1924 2861 2001 liberalissimi
2902 1925 3225 2015 nomine,
3267 1934 3338 2001 te
3381 1926 3586 2004 dono.
3630 1924 4165 2027 -Competitom

1077 2072 1220 2123 non
1283 2055 1532 2122 nactus
1591 2072 1710 2135 es,
1763 2047 1890 2121 sed
1941 2071 2034 2121 ex
2089 2045 2379 2120 Ordinis
2424 2045 2685 2121 iudicio
2730 2045 3023 2121 minime
3070 2044 3205 2120 tibi
3250 2054 3449 2123 erant
3490 2046 3858 2121 metuendi
3876 2079 3899 2135 3
3950 2045 4165 2121 vm-

1076 2168 1220 2243 riae
1285 2175 1564 2243 tantum
1633 2166 1926 2267 gloriam
1974 2166 2358 2243 auxissent.
2462 2166 2536 2241 N
2536 2190 2625 2243 on
2684 2166 2885 2243 facile
2932 2166 3123 2241 enim
3174 2173 3248 2243 te
3294 2167 3387 2243 ab
3432 2166 3575 2243 ullo
3616 2164 3835 2243 fuisse
3880 2190 4165 2267 supera·

1085 2295 1243 2364 tum
1291 2287 1686 2387 suspicatur
1709 2287 1952 2363 Ordo.

1183 2409 1280 2482 Et
1347 2408 1580 2483 nobile
1659 2415 1734 2483 et
1803 2406 2079 2509 insigne
2150 2406 2343 2507 quod
2414 2406 2770 2508 arripuisti
2832 2415 3351 2507 argumentum.
3470 2406 3821 2483 Ecclesiae
3892 2412 4169 2482 nostrae

1085 2527 1496 2603 reformatae
1521 2534 1806 2627 patrum
1835 2527 2084 2601 merita
2121 2535 2194 2602 et
2243 2526 2500 2627 scripta
2540 2535 2611 2601 te
2646 2552 2787 2603 non
2830 2535 3275 2604 contemnere
3310 2526 3705 2603 ostendisti.
3780 2526 3913 2603 -Via
3954 2550 4165 2627 quam

1089 2674 1156 2723 m
1169 2648 1544 2723 univerunt
1585 2656 1659 2723 et
1705 2646 2014 2723 inierunt
2055 2670 2198 2723 non
2243 2672 2397 2723 esse
2441 2646 2927 2723 decedendum
2950 2707 2972 2738 ‚
3044 2648 3169 2725 sed
3210 2647 3733 2750 procedendum
3776 2646 4162 2723 dechnsti.

1083 2770 1238 2845 Nee
1297 2768 1372 2843 in
1434 2768 1524 2844 iis
1587 2768 1912 2863 subsistis
1933 2826 1956 2857 ,
2013 2767 2148 2868 qui
2187 2776 2524 2869 ‘posteros
2584 2768 2997 2845 auctoritate
3064 2776 3299 2845 tenere
3335 2768 3605 2845 solent.
3688 2766 3833 2843 Sed
3880 2774 3955 2843 et
3994 2766 4157 2857 viri,

1082 2890 1288 2966 cuius
1352 2914 1608 2965 nomen
1675 2889 1749 2964 in
1817 2888 2097 2965 saeculo
2161 2889 2467 2965 virorum
2538 2913 2974 2965 summorum
3038 2887 3461 2967 feracissimo
3528 2887 3973 2989 aliquantum
4032 2886 4169 2963 fuit

1083 3008 1582 3086 obumbratum
1603 3069 1624 3099 ,
1705 3008 2068 3111 opiniones
2133 3018 2208 3086 et
2268 3008 2529 3112 placita
2592 3010 2968 3110 explorasti
3044 3018 3117 3087 et
3180 3009 3587 3112 exposuisti.
3688 3010 4055 3086 Ionmms
4117 3032 4166 3084 Δ

1083 3153 1314 3205 usco
1385 3130 1538 3230 ipso
1601 3130 2086 3208 trecentesimo
2158 3130 2250 3206 ab
2321 3130 2545 3232 ipsius
2622 3139 2849 3207 morte
2908 3155 3095 3208 anno
3163 3155 3303 3208 non
3370 3131 3599 3232 magis
3660 3129 3853 3230 apud
3900 3135 4193 3204 exteros.

1087 3243 1302 3350 ‘quam
1367 3249 1443 3324 in
1521 3249 1748 3351 patria
1819 3258 2056 3326 nostra
2129 3250 2574 3326 celebrantur
2646 3251 2894 3328 merita
2912 3311 2933 3341 ,
3001 3251 3285 3352 auspice
3342 3251 3631 3351 quidem
3682 3251 4163 3352 theologorum

1089 3367 1358 3446 Ordine
1399 3379 1634 3446 nostro
1658 3429 1680 3460 ,
1733 3371 1856 3446 sed
1908 3379 2033 3446 tua
2073 3370 2423 3447 industria
2440 3429 2461 3461 ,
2510 3369 2657 3446 tuis
2706 3371 3333 3449 menbraticnibus.

1186 3490 1562 3592 Egregium
1606 3490 1696 3566 de
1747 3499 1820 3566 te
1869 3490 2076 3567 nobis
2121 3491 2346 3567 fecisti
2388 3515 2609 3590 spem.
2708 3491 2911 3568 Bona
2954 3493 3191 3568 omnia
3236 3499 3311 3568 et
3354 3491 3537 3568 laeta
3580 3491 3676 3567 de
3726 3499 3801 3566 te
3842 3490 3921 3566 in
3972 3488 4161 3566 theo-

1081 3610 1313 3710 ·logiac
1331 3669 1354 3700 ,
1425 3611 1755 3687 ecclesiae
1831 3619 1904 3688 et
1949 3611 2236 3712 -patriae
2305 3608 2759 3686 commodum
2821 3618 3329 3712 exspecta-mus.
3427 3609 3541 3686 Ne
3614 3609 3799 3686 hanc
3854 3617 4163 3685 nostum

1085 3729 1438 3806 frustreris
1487 3755 1684 3830 spem
1702 3789 1724 3820 ‚
1773 3731 1901 3806 det
1947 3731 2083 3806 tibi
2115 3731 2328 3804 ¹Deus
2374 3753 2638 3830 precor.

1193 3851 1561 3950 Superest,
1607 3857 1694 3925 ut
1731 3851 2156 3928 Academiae
2193 3850 2723 3950 magistratum,
2770 3873 2985 3949 quem
3005 3875 3158 3950 .per
3191 3873 3479 3926 annum
3498 3849 3731 3952 gessi,
3756 3847 4159 3925 tmafenm

1092 3969 1172 4044 in
1219 3968 1478 4044 lectum
1525 3969 1620 4044 ab
1673 3971 2206 4072 Angustissimo
2257 3969 2459 4070 Rege
2500 3993 2987 4046 successorem.

1194 4089 1426 4195 Igitur
1459 4095 1570 4178 te,
1610 4088 1738 4164 Vir
1778 4090 1886 4166 01.
1933 4115 2197 4184 issacr.
2241 4113 2393 4166 van
2438 4088 2783 4166 nxnulin
2836 4112 3099 4164 annum
3140 4088 3539 4188 proximum
3578 4095 3855 4166 nocuae
3894 4087 4159 4168 Amus-

1091 4208 1276 4284 miae
1329 4208 1824 4310 Groninganae
1869 4211 2238 4288 Rectorem
2287 4211 2747 4312 Magnificum
2794 4210 3121 4286 renuntio
3162 4216 3237 4284 et
3280 4208 3655 4311 proclamo.

1194 4331 1399 4406 Salve
1417 4388 1440 4420 ,
1483 4330 1764 4405 ·Rector
1805 4330 2224 4432 Magnifice!
2286 4331 2685 4431 iterumque
2735 4331 2940 4410 salve.
3032 4330 3315 4408 omont
3356 4337 3433 4406 et
3468 4329 3733 4408 floreatt
3752 4337 3829 4406 te
3864 4329 4045 4408 duce
4084 4337 4155 4404 et

1096 4450 1380 4551 auspice
1425 4447 1810 4527 Academia
1857 4451 2334 4554 Groningana.
