4730 6049
878 645 889 656 '
1031 633 1037 639 ⁶
1089 638 1177 706 68
2160 635 2331 705 VAN
2375 635 2758 705 BONEVAL
2809 635 3079 702 FAURE

1191 844 1293 918 At
1342 843 1451 918 vel
1492 843 1599 919 sic,
1638 850 1873 918 tamen
1924 843 2229 918 multum
2272 843 2473 918 abest
2519 851 2601 918 ut
2649 851 2803 918 tuto
2846 842 3249 918 huiusmodi
3293 843 3518 920 omnis
3561 842 4152 945 interpretationis

1092 963 1421 1065 primario
1492 966 1691 1064 quasi
1764 971 2126 1063 praecepto
2198 988 2426 1040 carere
2502 962 2806 1062 potuerit
2877 961 3048 1036 iuris
3110 963 3524 1039 Iustinianei
3583 962 3982 1062 compilatio
4045 963 4156 1038 vel

1098 1109 1367 1160 cnnsus
1420 1085 1771 1184 superflua
1822 1083 2137 1158 docuisse
2188 1083 2326 1159 dici
2373 1090 2740 1158 mereatur.

1198 1207 1365 1283 Quo
1426 1205 1611 1278 enim
1674 1213 1983 1302 tempore
2005 1262 2025 1292 ,
2096 1228 2353 1301 quaeso
2377 1261 2397 1291 ‚
2468 1202 2904 1302 disputatum
2966 1228 3106 1278 non
3171 1209 3277 1276 est
3337 1203 3425 1277 de
3475 1203 3840 1278 verborum
3883 1209 3955 1278 et
3999 1227 4154 1278 sen·

1098 1325 1356 1399 tentiae
1430 1325 1572 1398 sive
1642 1325 1897 1398 mentis
1968 1323 2368 1398 efficacitate
2393 1381 2412 1410 ,
2475 1323 2564 1397 de
2627 1322 2902 1396 illorum
2961 1323 3234 1398 vinculo
3259 1380 3280 1410 ‚
3331 1323 3420 1397 de
3467 1324 3872 1421 quaestione
3915 1331 4153 1397 utrum

1095 1444 1289 1545 prius
1336 1444 1443 1518 vel
1495 1443 1847 1542 potentius
1892 1443 1982 1516 sit
2030 1442 2486 1517 habendum?
2585 1445 2869 1521 Quotus
2918 1443 3103 1517 enim
3153 1442 3452 1541 quisque
3499 1443 3834 1518 ICtorum
3879 1468 4020 1518 non
4063 1443 4156 1518 ad

1094 1565 1171 1638 id
1232 1563 1421 1662 quod
1484 1589 1571 1637 ex
1634 1562 1861 1637 verbis
1916 1561 2209 1662 intelligi
2256 1562 2516 1661 possit,
2567 1586 2794 1660 neque
2817 1621 2837 1651 ,
2889 1569 3132 1661 utpote
3184 1561 3256 1635 in
3309 1562 3536 1637 verbis
3573 1586 3778 1638 omne
3829 1562 3944 1638 ius
3993 1586 4154 1637 con-

1102 1683 1436 1771 stituens,
1484 1683 1575 1758 ad
1621 1682 1829 1756 verba
1872 1681 2097 1756 solum
2143 1681 2614 1756 obediendum
2663 1705 2815 1756 esse
2859 1681 3188 1768 credidit,
3241 1705 3366 1756 nec
3413 1681 3638 1756 fontes
3684 1683 3872 1757 unde
3901 1683 4158 1758 mentis

1099 1803 1460 1878 hauriatur
1504 1802 1845 1900 cognitio,
1898 1799 2297 1875 arctissimis
2336 1800 2598 1874 finibus
2637 1801 3188 1898 circumscriptos
3233 1825 3383 1876 esse
3425 1802 3732 1900 putavit!
3811 1802 3915 1875 Ut
3953 1801 4157 1876 omit-

1097 1931 1243 1998 tam
1265 1982 1286 2011 ‚
1361 1948 1499 2021 quo
1566 1923 1717 1996 iure
1783 1921 1869 1996 de
1938 1920 2226 1994 Iudaica
2287 1921 2524 2019 legum
2573 1920 3138 2020 interpretatione
3181 1921 3587 2019 loquamur,
3635 1923 3712 1996 in
3757 1921 4158 1996 memoriam

1098 2067 1414 2117 revocare
1494 2042 1787 2115 sufficiat
1852 2040 2195 2115 celebrem
2266 2041 2458 2115 illam
2527 2064 2905 2115 emenonis
2979 2041 3357 2115 orationem
3431 2065 3642 2139 quam
3713 2041 3962 2116 habuit
4035 2067 4162 2142 pm

1116 2163 1407 2236 Caecina
1477 2185 1794 2259 quaeque
1858 2169 2007 2235 tota
2069 2160 2208 2234 fere
2272 2169 2584 2234 versatur
2631 2160 2706 2235 in
2755 2161 3236 2259 redarguendo
3290 2159 3600 2234 infausto
3647 2184 3872 2236 errore
3919 2185 4162 2236 eorum

1103 2281 1226 2380 qui
1248 2339 1268 2370 ,
1333 2307 1477 2357 non
1526 2281 1992 2379 intelligentes
2046 2303 2129 2352 ex
2181 2280 2408 2354 verbis
2459 2289 2702 2379 aptum
2759 2280 2870 2354 ius
2921 2305 3058 2354 non
3124 2280 3426 2378 pendere
3485 2280 3608 2356 sed
3663 2281 3872 2355 verba
3913 2280 4162 2356 servire

1102 2401 1467 2476 hominum
1540 2400 1841 2476 consiliis
1902 2407 1973 2472 et
2038 2400 2571 2474 auctoritatibus
2593 2458 2613 2488 ‚
2664 2399 2753 2473 ad
2826 2398 3032 2473 verba
3087 2409 3160 2472 et
3215 2399 3478 2474 litteras
3523 2398 3874 2474 interdicti
3920 2423 4162 2499 provo-

1102 2531 1339 2597 carent
1386 2530 1457 2596 et
1500 2547 1779 2621 prorsus
1820 2520 2407 2619 praeterviderent
2449 2520 2658 2596 verba
2699 2545 2837 2594 non
2887 2519 3116 2594 venire
3161 2519 3236 2593 in
3277 2519 3616 2596 iudicium
3639 2521 3784 2616 ‘sed
3823 2545 3974 2595 eam
4013 2545 4162 2596 rem

1102 2643 1303 2718 cuius
1348 2667 1556 2716 causa
1596 2641 1803 2716 verba
1847 2641 1921 2714 in
1968 2641 2420 2716 interdictum
2464 2640 2774 2715 coniecta
2819 2640 2978 2716 sint.
3068 2670 3103 2708 ιι
3125 2640 3289 2714 Non
3338 2640 3604 2716 deieci'’
3643 2685 3746 2702 -
3784 2639 3882 2716 ita
3923 2640 4160 2716 Aebu-

1100 2763 1245 2836 tius
1301 2769 1539 2838 contra
1604 2786 1815 2860 quem
1876 2761 2175 2836 Caecina
2229 2785 2514 2835 causam
2578 2759 2986 2836 intendebat
3029 2805 3132 2820 —-
3183 2788 3220 2828 ιι
3243 2783 3386 2836 non
3427 2759 3680 2848 deieci,
3729 2758 3971 2834 obstiti
4011 2767 4160 2836 tan·

1110 2911 1147 2952 ιι
1162 2889 1317 2956 tum
1390 2883 1457 2955 ei
1531 2906 1739 2980 quem
1804 2904 1943 2955 non
2008 2881 2137 2954 sivi
2190 2881 2553 2969 accedere3
2621 2880 2918 2955 reiectus
2973 2888 3080 2954 est
3123 2878 3420 2954 Caecina
3465 2881 3606 2953 no‘n
3651 2879 3962 2954 deiectus
3974 2911 3993 2965 ;
4045 2877 4160 2952 de·

1114 3000 1429 3076 niectum
1480 3009 1712 3075 autem
1733 3000 1801 3087 ,”
1856 3000 1951 3074 sic
1994 2999 2147 3087 ille,
2206 3030 2241 3071 ιι
2260 3015 2400 3075 non
2450 3023 2609 3074 vero
2656 2999 2988 3075 reiectum
3051 3024 3125 3075 se
3168 2999 3659 3075 restituturum
3701 3022 3854 3075 esse
3895 3007 4164 3099 praetor

1113 3150 1149 3191 ιι
1169 3120 1616 3195 interdixitl'’
1678 3164 1779 3177 -
1850 3149 1885 3188 ιι
1907 3123 2022 3193 An
2071 3121 2304 3208 non‚'’
2347 3120 2449 3194 ita
2494 3142 2756 3193 CICERO
2800 3119 2874 3194 in
2925 3120 3135 3195 istam
3183 3119 3549 3195 verborum
3595 3118 4016 3195 calumniam
4057 3118 4160 3193 in·

1106 3238 1381 3313 vehitur
1402 3298 1423 3327 ‚
1496 3268 1533 3308 ιι
1553 3262 1773 3337 quum
1840 3236 2157 3313 voluntas
2218 3244 2292 3311 et
2360 3236 2728 3311 consilium
2785 3243 2856 3310 et
2909 3240 3252 3315 sententia
3301 3240 3650 3315 interdicti
3699 3239 4161 3338 intelligatur,

1106 3358 1614 3458 impudentiam
1682 3382 2027 3431 summam
2095 3364 2219 3431 aut
2283 3354 2654 3430 stultitiam
2725 3355 3148 3455 singularem
3213 3359 3622 3457 putabimus
3677 3359 3752 3433 in
3803 3358 4162 3433 verborum

1105 3504 1329 3553 errore
1382 3478 1668 3553 versari:
1725 3501 1867 3551 rem
1914 3488 1986 3551 et
2020 3502 2301 3552 causam
2346 3485 2418 3551 et
2461 3476 2834 3550 utilitatem
2875 3502 3318 3553 communem
3347 3503 3486 3554 non
3529 3479 3912 3578 relinquere
3945 3478 4162 3553 solum

1106 3598 1229 3672 sed
1294 3598 1501 3673 etiam
1570 3597 1913 3696 prodere?
2006 3598 2120 3671 An
2194 3595 2325 3669 hoc
2389 3595 2685 3671 dubium
2750 3605 2896 3685 est,
2965 3623 3186 3697 quum
3259 3623 3486 3697 neque
3554 3599 3922 3673 verborum
3975 3604 4165 3673 tante

1104 3717 1301 3816 copia
1360 3717 1491 3805 sit,
1554 3742 1695 3790 non
1756 3717 1962 3790 modo
2024 3716 2099 3791 in
2156 3723 2393 3791 nostra
2455 3716 2696 3815 lingua
2755 3742 2936 3816 quae
2987 3718 3242 3794 dicitur
3291 3744 3444 3794 esse
3486 3718 3724 3817 inops:
3791 3718 3916 3793 sed
3959 3742 4048 3793 ne
4091 3717 4162 3791 in

1105 3836 1240 3911 alia
1278 3836 1559 3935 quidem
1605 3836 1747 3909 ulla
1768 3894 1785 3921 ,
1835 3861 1945 3941 res
1989 3846 2069 3909 ut
2110 3859 2351 3911 omnes
2397 3837 2542 3910 suis
2584 3837 2788 3911 certis
2825 3863 2906 3912 ac
2946 3838 3240 3936 propriis
3283 3837 3634 3914 vocabulis
3673 3837 4162 3913 nominentur?

1106 3980 1335 4054 neque
1379 3978 1539 4028 vero
1588 3954 1973 4052 quidquam
2014 3980 2192 4055 opus
2240 3956 2331 4031 sit
2375 3956 2602 4030 verbis
2652 3981 2872 4055 quum
2911 3981 2994 4033 ea
3033 3982 3181 4047 res,
3223 3960 3424 4035 cuius
3455 3984 3664 4033 causa
3702 3958 3911 4033 verba
3955 3982 4159 4057 quae·

1108 4075 1243 4151 sita
1288 4074 1467 4161 sint,
1516 4072 1991 4171 intelligatur?
2042 4077 2249 4153 Quae
2288 4075 2449 4149 lex''
2486 4077 2584 4149 ita
2621 4076 2888 4175 pergit,
2927 4106 2964 4147 ιι
2989 4078 3179 4175 quod
3211 4077 3926 4154 senatusconsultum:
3975 4076 4162 4176 quod

1103 4194 1553 4293 magistratus
1581 4194 1887 4268 edictum
1907 4253 1925 4281 ‚
1958 4194 2147 4293 quod
2178 4195 2424 4269 foedus
2451 4206 2576 4269 aut
2604 4196 2834 4293 pactio
2852 4254 2872 4283 ,
2902 4198 3092 4295 quod
3123 4205 3234 4290 (ut
3261 4199 3351 4274 ad
3383 4196 3699 4297 privatas*
3712 4222 3822 4272 res
3849 4196 4155 4289 redeam)

1102 4322 1641 4389 testamentum:
1697 4339 1873 4411 quae
1916 4313 2173 4389 iudicia
2221 4322 2345 4389 aut
2389 4315 2872 4414 stipulationes
2921 4326 3044 4391 aut
3090 4318 3278 4415 pacti
3325 4318 3646 4393 conventi
3685 4316 3984 4392 formula
4021 4340 4158 4392 non

1100 4433 1439 4509 infirmari
1491 4458 1571 4507 ac
1634 4432 1922 4507 convelli
1964 4442 2232 4532 potest,
2286 4434 2347 4508 si
2396 4435 2486 4510 ad
2537 4434 2744 4542 verpa
2797 4460 2944 4510 rem
3001 4436 3362 4513 deflectere
3417 4437 3704 4513 velimus
3727 4496 3748 4526 ,
3795 4435 4158 4511 consilium

1100 4563 1339 4630 autem
1388 4578 1625 4629 eorum
1680 4552 1802 4652 qui
1854 4552 2277 4651 scripserunt
2294 4612 2316 4642 ‚
2369 4561 2442 4629 et
2487 4554 2826 4631 rationem
2869 4564 2940 4630 et
2969 4558 3449 4633 auctoritatem
3478 4556 3955 4654 relinquamus
3971 4556 4052 4630 P”
4096 4556 4154 4645 ¹)

1180 4812 1231 4895 ¹)
1270 4814 1408 4896 Cap.
1446 4812 1673 4873 XVIII.
