4730 6049
1870 685 2430 754 onsr1o
3365 651 3438 670 ”
3545 685 3680 754 mr

610 890 887 968 divinae
948 891 1287 968 miramur
1354 893 1829 992 providentiae
1872 919 2132 971 curam.
2235 896 2323 968 In
2377 892 2610 968 divina
2660 893 3012 968 voluntate
3059 893 3277 993 igitur
3329 915 3470 968 non
3519 901 3671 970 tan·

612 1018 765 1086 tum
814 1011 1237 1111 principium
1258 1070 1280 1102 ,
1346 1037 1489 1112 quo
1532 1014 1703 1088 iuris
1756 1013 2170 1090 observandi
2210 1012 2634 1113 obligatione
2680 1013 3214 1112 adstringimur,
3265 1015 3670 1113 ponendum

610 1131 984 1221 ultimum,
1052 1132 1177 1206 sed
1238 1132 1451 1208 etiam
1514 1159 1601 1208 ex
1644 1160 1727 1210 ea
1776 1134 1949 1210 iuris
1996 1135 2281 1210 materia
2326 1131 2742 1233 repetenda,
2793 1159 2976 1233 quae
3023 1141 3258 1210 tamen
3305 1135 3670 1210 hominum

608 1251 1085 1327 intercedente
1128 1277 1337 1351 opera
1386 1253 1760 1330 definiatur
1780 1313 1801 1343 ,
1850 1255 2372 1329 determinetur.

704 1370 1043 1446 Doctrina
1104 1371 1325 1472 igitur
1394 1371 1484 1446 de
1554 1374 1737 1448 vitae
1794 1373 2432 1450 necessitudinibus
2489 1379 2654 1448 ante
2707 1373 2876 1448 haec
2937 1373 3078 1450 duo
3132 1373 3274 1448 fere
3334 1374 3670 1450 decennia

608 1491 999 1590 proposita,
1064 1500 1301 1568 nostra
1363 1493 1729 1592 disciplina
1748 1552 1768 1582 ‚
1834 1493 2229 1568 discrimine
2284 1494 2470 1568 inter
2529 1493 2832 1568 scholam
2879 1493 3273 1568 historicam
3325 1502 3398 1568 et
3445 1495 3666 1593 philo·

610 1610 965 1710 sophieam
1007 1610 1151 1686 fere
1194 1611 1471 1687 sublato
1490 1669 1511 1702 ‚
1562 1611 1747 1688 viam
1792 1637 2075 1712 prorsus
2114 1613 2394 1688 flexisse
2437 1611 2732 1716 dicenda
2781 1622 2909 1688 est.

706 1731 861 1805 Nec
914 1739 1150 1806 tamen
1206 1731 1569 1830 resplane
1616 1731 1753 1806 fuit
1806 1758 2026 1837 nova,
2084 1759 2213 1808 nec
2256 1731 2520 1808 finibus
2571 1759 2746 1832 quos
2787 1734 3086 1809 indicavi
3127 1733 3665 1834 circumscripta.

706 1851 875 1926 Non
922 1851 1111 1925 enim
1160 1849 1355 1925 aliud
1406 1851 1581 1950 quid
1632 1851 1767 1927 sibi
1817 1855 2115 1930 voluisse
2162 1853 2527 1942 videntur,
2577 1855 2702 1953 qui
2747 1855 2820 1928 in
2869 1854 3270 1954 quaestione
3320 1861 3666 1952 quatenus

602 1970 719 2044 ius
784 1971 1187 2046 Romanum
1247 1970 1441 2069 apud
1490 1971 1944 2046 Germanicae
2008 1971 2245 2070 stirpis
2300 1980 2584 2070 gentes,
2651 1971 2920 2071 Anglos
2973 1979 3044 2046 et
3091 1971 3564 2047 Scandinavos
3601 1973 3663 2046 si

608 2091 961 2190 exceperis
980 2150 1001 2181 ,
1064 2114 1346 2180 omnes,
1412 2098 1769 2191 receptum
1809 2091 2017 2166 fuerit
2036 2150 2057 2180 ,
2106 2092 2199 2165 ad
2246 2115 2478 2166 rerum
2523 2092 2986 2190 provocabant
3034 2100 3356 2167 naturam
3376 2150 3396 2179 ,
3445 2117 3664 2192 eaque

603 2209 785 2284 iuris
834 2211 1173 2285 Romanis
1218 2235 1431 2286 usum
1478 2217 1553 2286 et
1598 2212 2077 2288 auctoritatem
2128 2212 2488 2287 finiebant.

706 2330 1026 2419 Scilicet,
1099 2330 1159 2404 si
1218 2355 1465 2431 parvas
1522 2355 1920 2430 paucasque
1974 2331 2263 2406 fortasse
2318 2330 2671 2429 exceperis
2707 2331 3058 2428 regiones,
3107 2354 3470 2430 nunquam
3513 2333 3664 2432 lege

604 2459 795 2525 certa
834 2458 907 2524 et
950 2451 1243 2525 definita
1280 2459 1638 2551 receptum
1687 2451 1825 2524 fuit
1862 2453 1977 2526 ius
2024 2451 2422 2526 Romanum
2444 2508 2463 2538 ,
2514 2451 2636 2525 sed
2678 2450 2974 2524 invaluit
3018 2451 3348 2526 ICtorum
3385 2461 3664 2526 tantum

602 2570 1059 2659 auctoritate,
1112 2571 1235 2669 qui
1284 2569 1439 2644 eius
1486 2571 1580 2646 ad
1622 2569 1733 2644 ius
1775 2568 2081 2668 patrium
2128 2568 2614 2668 explicandum
2638 2625 2658 2656 ‚
2725 2568 3178 2646 evolvendum
3223 2579 3298 2643 et
3349 2570 3663 2644 excolen-

604 2689 777 2762 dum
832 2714 966 2763 usu
1007 2713 1147 2764 non
1196 2689 1549 2778 contenti,
1600 2689 1917 2789 plurimis
1966 2689 2173 2777 locis,
2226 2688 2418 2788 quod
2462 2688 2720 2762 frustra
2763 2689 3002 2786 negari
3049 2687 3361 2775 videtur,
3403 2690 3662 2787 patrios

602 2807 1001 2884 everterunt
1058 2835 1323 2897 mores,
1394 2811 1622 2909 iisque
1687 2811 2005 2883 Romana
2070 2808 2590 2884 substituerunt
2635 2805 2809 2882 iura.
2913 2807 3128 2886 Quod
3170 2808 3490 2906 plurimis
3537 2808 3660 2882 tri-

603 2930 969 3005 buendum
1018 2931 1245 3005 causis
1264 2988 1283 3018 ,
1336 2931 1460 3005 sed
1503 2929 1665 3004 huic
1706 2929 2047 3029 inprimis.
2123 2929 2247 3003 Ius
2287 2929 2688 3002 Romanum
2735 2951 2896 3001 cum
2936 2927 3434 3002 recentioribus
3463 2928 3660 3002 inno·

600 3058 897 3127 tesceret
964 3050 1297 3151 gentibus
1318 3110 1339 3140 ,
1407 3051 1578 3140 hae,
1646 3050 1963 3149 quamvis
2028 3049 2530 3125 adscendentes
2601 3048 2930 3122 continuo
2949 3106 2968 3136 ,
3051 3048 3274 3122 multo
3345 3046 3664 3123 inferiore

602 3174 993 3245 etiamnum
1046 3169 1521 3246 consistebant
1565 3170 1747 3245 vitae
1790 3171 2011 3245 civilis
2064 3170 2376 3245 excultae
2427 3170 2652 3269 gradu
2669 3227 2689 3256 ,
2739 3193 2953 3267 quam
3002 3192 3214 3266 quem
3269 3170 3664 3269 adtigerant

602 3290 744 3365 iam
792 3290 1140 3379 Romani,
1188 3314 1352 3365 cum
1396 3290 1469 3365 in
1514 3290 1663 3364 iure
1711 3290 1897 3365 civili
1944 3298 2479 3365 monumentum
2530 3290 2663 3362 sibi
2711 3295 3142 3363 exstruerent
3181 3289 3335 3387 ipso
3371 3290 3662 3389 imperio

602 3409 1001 3509 perennius.

700 3531 871 3603 Iura
938 3536 1301 3627 praesente
1358 3528 1772 3627 populorum
1840 3529 2233 3605 conditione
2294 3528 2726 3603 definiuntur
2775 3535 2848 3601 et
2899 3528 3480 3617 determinantur,
3533 3529 3660 3604 sed

602 3671 751 3723 non
816 3648 957 3722 nisi
1006 3647 1475 3723 intercedente
1527 3635 1890 3724 hominum
1948 3674 2160 3749 opera
2206 3657 2279 3723 et
2327 3648 2582 3723 labore.
2683 3646 3212 3746 Perspiciendae
3263 3656 3430 3723 sunt
3477 3648 3656 3723 vitae

604 3768 1156 3843 necessitudines
1173 3827 1194 3858 ,
1264 3776 1337 3842 et
1401 3769 1781 3868 perspectis
1824 3770 1977 3843 iura
2022 3767 2608 3843 accommodanda
2653 3773 2724 3839 et
2765 3766 3177 3865 adaptanda.
3279 3768 3658 3843 Exercetur

602 3896 676 3963 et
737 3888 869 3963 hac
922 3889 997 3965 in
1062 3912 1138 3963 re
1202 3888 1785 3987 subsequentium
1832 3896 2139 3963 aetatum
2186 3912 2325 3963 non
2375 3887 2772 3961 intermissa
2810 3896 2882 3960 et
2923 3887 3272 3963 indefessa
3311 3887 3656 3963 industria

602 4015 675 4080 et
732 4006 1029 4082 solertia.
1130 4010 1639 4101 Germanarum
1698 4009 1921 4109 igitur
1984 4009 2303 4108 gentium
2367 4032 2614 4107 operae
2676 4006 3017 4105 parcitum
3081 4008 3222 4081 fuit
3279 4016 3350 4081 et
3401 4008 3655 4097 labori,

602 4151 769 4202 cum
812 4128 967 4202 iura
988 4186 1007 4217 ‚
1056 4152 1239 4227 quae
1290 4129 1689 4227 ceteroquin
1739 4129 1909 4229 ipsis
1962 4129 2149 4203 lento
2196 4134 2265 4201 et
2312 4128 2603 4202 molesto
2653 4150 2865 4225 opere
2913 4135 3148 4201 essent
3187 4128 3659 4226 conquirenda

602 4252 675 4319 et
738 4246 1196 4334 exstruenda,
1266 4254 1539 4347 promta
1602 4252 1675 4320 et
1736 4254 1977 4345 parata
2038 4272 2077 4319 e
2144 4247 2297 4320 iure
2356 4245 2719 4320 desumere
2781 4255 3068 4347 possent
3123 4247 3460 4321 Romano,
3562 4248 3656 4321 Et

600 4388 767 4440 cum
814 4365 959 4440 iam
1002 4388 1365 4465 progressa
1415 4364 1657 4464 populi
1698 4364 2003 4440 conditio
2048 4388 2229 4441 nova
2278 4362 2388 4438 vel
2435 4372 2706 4439 mutata
2743 4364 3126 4461 postularet
3165 4364 3318 4437 iura
3339 4422 3358 4451 ,
3409 4363 3654 4439 eadem

600 4483 935 4561 facilitate
987 4510 1075 4559 ex
1124 4483 1437 4559 cultioris
1484 4482 1715 4583 gentis
1756 4484 1897 4559 iam
1942 4485 2217 4561 dudum
2265 4484 2670 4569 demortuae
2719 4483 3030 4582 reliquiis
3070 4484 3143 4557 in
3189 4506 3396 4557 usum
3440 4505 3650 4559 suum

602 4605 841 4681 omnia
890 4604 1400 4681 transferebant
1447 4604 1707 4703 quibus
1751 4604 2183 4704 indigebant.

700 4726 869 4799 Iure
932 4724 1255 4799 Romano
1320 4723 1541 4824 igitur
1604 4724 1771 4799 iun's
1830 4725 2023 4825 apud
2088 4732 2436 4799 nostrates
2491 4724 2996 4797 incrementum
3060 4744 3202 4795 non
3265 4742 3656 4819 repressum

604 4843 743 4919 fuit
788 4850 919 4919 aut
958 4844 1381 4944 impeditum
1404 4901 1425 4934 ‚
1476 4844 1603 4919 sed
1648 4845 2099 4921 acceleratum
2143 4844 2400 4944 potius.
2501 4842 2714 4923 Quod
2753 4840 3052 4940 Angliae
3092 4842 3398 4915 cernitur
3423 4862 3655 4915 exem·
