4730 6049
1528 641 1919 711 SERIES
1986 639 2646 709 LECTIONUM.
3526 641 3616 708 91

930 872 1428 950 FAGUL'I'AS
1477 870 2251 948 DISCIPLINARUM
2296 871 3248 947 MA'I'HEMA'I'ICARUM
3287 848 3310 869 ⁴⁸

1668 992 1793 1065 ET
1837 990 2505 1066 PHYSICARUM.

574 1224 623 1284 1.
660 1222 822 1283 VAN
858 1218 1024 1283 DER
1059 1220 1398 1281 HOEVEN
1448 1208 1851 1309 Zoologiam
1920 1214 1993 1283 et
2052 1208 2448 1283 Anatomen
2503 1214 2970 1307 comparatam
3023 1138 3224 1283 doce-

668 1331 807 1419 bit,
873 1330 1125 1404 diebus
1167 1328 1443 1417 Lunae,
1492 1329 1787 1418 Martia,
1836 1328 2202 1417 Mercurii,
2244 1329 2438 1402 Iovis
2487 1333 2560 1403 et
2596 1326 2888 1402 Veneris
2897 1386 3206 1417 .....
3259 1298 3430 1406 hora
3473 1326 3610 1408 XI.

758 1448 1251 1547 Mineralogiae
1314 1456 1387 1523 et
1445 1448 1819 1549 Geologiae
1882 1448 2225 1523 elementa
2292 1454 2628 1549 exponet,
2679 1447 2928 1523 diebus
2981 1448 3222 1524 Lunae

850 1574 921 1642 et
959 1564 1295 1641 Mercurii
1312 1622 3221 1655 ...........................
3510 1571 3612 1647 ΙΙ.

758 1690 902 1763 Aut
968 1684 1595 1785 Anthropologiam
1662 1692 1735 1761 et
1805 1686 2125 1787 gentium
2195 1686 2595 1762 varietatem
2670 1686 3017 1776 nativam,
3094 1695 3220 1763 aut

851 1807 1236 1882 Anatomes
1272 1813 1707 1907 comparatae
1745 1806 1995 1883 selecta
2034 1806 2261 1906 capita
2302 1804 2709 1908 explicabit,
2753 1806 3002 1883 diebus
3030 1808 3222 1883 Mar·-

846 1928 937 2003 tis
986 1934 1059 2003 et
1104 1926 1293 2001 Iovia
1312 1985 1333 2016 ,
1414 1985 1431 2001 .
1504 1984 1522 2003 .
1590 1982 3212 2005 .......................
3548 1929 3612 2003 Ῑ.

568 2063 641 2122 Δ.
680 2058 759 2121 Η.
792 2058 958 2119 VAN
998 2057 1163 2119 DER
1198 2055 1423 2117 BOON
1462 2054 1735 2116 MESCH
1783 2043 2144 2142 bemiam
2180 2067 2548 2145 corporum
2569 2046 3052 2145 organicorum
3105 2071 3222 2121 ex·

662 2173 899 2268 ponet,
950 2164 1201 2240 diebus
1253 2163 1497 2239 Lunae
1520 2221 1541 2253 ,
1590 2163 1877 2252 Martia,
1926 2163 2261 2239 Mercurii
2318 2171 2394 2238 et
2449 2164 2640 2240 Iovis
2662 2225 2683 2254 ,
2764 2224 3224 2243 .......
3480 2166 3620 2244 ΙΧ.

759 2285 1123 2385 Chymiam
1142 2344 1164 2374 ,
1228 2308 1407 2383 quae
1446 2283 1861 2383 anorganica
1901 2291 2185 2359 vocatur
2198 2343 2219 2375 ,
2276 2283 2590 2373 docebit,
2639 2282 2888 2360 iisdem
2933 2284 3186 2361 diebus
3203 2344 3224 2376 ,
3479 2285 3618 2363 XI.

751 2406 989 2480 Artem
1014 2403 1645 2503 pharmaceuticam
1673 2402 2119 2479 theoreticam
2144 2411 2219 2479 et
2246 2404 2856 2503 experimentalem
2885 2412 3227 2505 exponet,

843 2524 1111 2599 diebus
1142 2523 1385 2599 Lunae
1435 2530 1507 2598 et
1555 2523 1887 2597 Mercurii
1906 2580 1927 2612 ,
2022 2582 2038 2597 .
2111 2580 3220 2601 ................
3443 2523 3620 2601 ΧΠ.

754 2643 1245 2719 Oeconomiam
1306 2639 1605 2717 ruralem
1659 2642 1926 2732 tradet,
1991 2642 2239 2718 diebus
2282 2642 2536 2718 Martis
2579 2646 2652 2717 et
2693 2640 2914 2731 Iovia,
2987 2702 3006 2718 .
3062 2701 3080 2719 .
3136 2696 3156 2715 .
3210 2702 3226 2719 .
3443 2642 3620 2722 XII.

752 2764 1245 2864 Experimenta
1290 2762 1703 2837 instituendi
1742 2770 1961 2837 artem
2017 2761 2294 2837 docebit
2337 2767 2411 2837 et
2455 2760 2802 2839 Exercitia
2821 2762 3124 2862 practica
3147 2764 3222 2838 in

842 2881 1293 2958 Laboratorio
1335 2882 1818 2958 moderabitur
1866 2882 2201 2982 quotidie.

753 3001 933 3101 Cum
1004 3002 1359 3080 Studiosis
1422 3002 1963 3104 provectioribus
2018 3002 2107 3078 de
2155 3001 2611 3103 Physiologia·
2653 3001 2968 3104 chymica
3019 3000 3226 3080 collo·

844 3130 1102 3222 quetur
1119 3182 1140 3214 ,
1190 3123 1307 3199 die
1353 3123 1683 3218 Veneris,
1747 3123 1916 3200 hora
1964 3123 2354 3224 vespertina
2373 3182 2394 3214 ,
2474 3180 3227 3202 ...........
3246 3120 3622 3198 V—VIII.

572 3255 641 3316 G.
677 3254 730 3316 1.
765 3255 1105 3316 VEBDAM
1142 3243 1509 3320 Ele-enta
1544 3245 1982 3321 Geometriae
2030 3243 2279 3347 planae
2323 3253 2396 3320 et
2436 3243 2690 3345 Trigon
2698 3243 3055 3320 ometriam
3081 3243 3228 3345 pla-

656 3387 817 3439 nam
867 3363 1101 3440 tradet
1117 3423 1138 3454 ,
1190 3363 1305 3439 die
1354 3365 1539 3440 Iovis
1587 3373 1661 3441 et
1710 3365 2031 3456 Saturni,
2106 3421 3222 3442 ................
3503 3360 3578 3436 Χ
3598 3411 3623 3454 ,

894 3483 2562 3575 etdieVeneriS,..............‘
2615 3536 3224 3560 .........
3303 3477 3620 3556 IXetX.

754 3603 1311 3682 stereometriam
1358 3611 1432 3680 et
1472 3603 2095 3704 Trigonometriam
2140 3602 2563 3704 sphaericam
2613 3599 2927 3692 docebit,
2977 3599 3227 3677 diebus

846 3723 1103 3799 Martis
1170 3732 1242 3798 et
1306 3724 1495 3802 Iovis
1508 3783 1533 3814 ,
1605 3778 3228 3803 .......................
3409 3717 3619 3796 VIII.

754 3841 1284 3920 Arithmeticam
1371 3845 1827 3920 universalem
1845 3902 1867 3935 ,
1946 3844 2088 3921 sive
2145 3843 2526 3944 Algebram
2544 3901 2566 3934 ,
2645 3840 2912 3931 tradet,
2971 3838 3224 3916 diebus

848 3960 1185 4036 Mercurii
1230 3969 1305 4035 et
1349 3961 1674 4052 Veneria,
1746 4016 3228 4041 .....................
3397 3956 3584 4033 VIII
3597 4015 3622 4048 ,

948 4088 1027 4154 et
1068 4079 1185 4155 die
1230 4082 1452 4172 Iovis,
1529 4131 3232 4159 ........................
3481 4075 3624 4155 IX.·

757 4195 1125 4275 Galculum
1208 4200 1747 4277 differentialem
1790 4207 1864 4276 et
1912 4127 2321 4300 integralem
2380 4199 2692 4298 itemque
2749 4195 3268 4274 Mechanicam
3403 4199 3421 4207 “

854 4318 1223 4409 tractabit,
1273 4319 1523 4396 diebus
1570 4329 1642 4396 et
1688 4319 1879 4396 horis
1922 4319 2175 4396 deinde
2222 4317 2636 4395 indicandi&

760 4436 1045 4513 Scholas
1085 4438 1587 4541 paedagogicas
1630 4438 1920 4514 babebit
1936 4496 1958 4528 ,
2006 4437 2123 4514 die
2177 4439 2422 4514 Lunae
2443 4496 2464 4528 ,
2511 4435 2684 4512 hora
2728 4435 3114 4512 commoda.

568 4567 639 4630 1¹.
680 4567 972 4632 KAISER
1014 4557 1530 4634 Astronomiam
1589 4557 2037 4634 theoreticam
2088 4558 2317 4634 tradet
2332 4616 2355 4650 ,
2418 4555 2669 4633 diebus
2711 4555 2955 4632 Lunae
2969 4613 2992 4646 ,
3040 4557 3232 4632 Mar·

674 4673 801 4765 tis,
848 4671 1179 4752 Mercurii
1242 4682 1315 4751 et
1374 4675 1563 4752 Iovia
1582 4734 1604 4766 ,
1680 4729 3232 4754 ......................
3486 4671 3628 4753 ῙΧ.

768 4793 1277 4870 Astronomiam
1324 4796 1698 4895 practicam
1716 4852 1738 4885 ,
1787 4795 2037 4884 iisdem
2084 4795 2334 4872 diebus
2350 4847 3232 4886 .............
3527 4793 3625 4871 X.

3196 4913 3346 4990 12·
