4730 6049
1082 636 1167 702 ¹22
1604 711 1617 722 ‚
2149 631 2321 701 vAN
2367 630 2746 701 somnvAL
2793 631 3072 718 ,mnan

1080 838 1335 914 versias
1355 897 1377 929 ,
1427 833 1927 938 acerrimaeque
1972 839 2269 939 agitatas
2316 865 2468 916 esse
2515 841 3020 940 disputationes
3067 839 3156 914 de
3203 838 3606 938 quaestione
3622 896 3643 926 ,
3694 844 3935 912 utrum
3984 859 4131 912 sen-

1080 959 1299 1034 tentia
1342 958 1711 1059 ,potentior
1782 958 1873 1034 sit
1940 983 2151 1056 quam
2220 961 2428 1036 verba
2445 1019 2466 1050 ,
2535 969 2607 1034 et
2665 961 2731 1034 si
2785 960 3130 1060 potentior
3176 967 3522 1058 quatenus
3573 968 3645 1034 et
3694 958 3976 1058 quando
4025 958 4131 1033 sit.

1076 1081 1191 1154 Ne
1255 1079 1585 1154 miremur
1631 1078 2157 1177 simplicissimis
2202 1087 2273 1156 et
2311 1081 2512 1156 claris
2559 1080 2784 1156 verbis
2841 1086 3243 1179 conceptam
3285 1079 3600 1178 regulam
3653 1087 3762 1152 tot
3807 1087 4132 1177 tantaque

1077 1197 1295 1272 dubia
1341 1198 1510 1296 reliq
1518 1196 1736 1286 uisse,
1788 1205 2157 1297 tantasque
2206 1197 2556 1298 peperisse
2609 1208 2679 1274 et
2723 1199 2954 1274 adhuc
2997 1222 3235 1298 parere
3287 1197 3750 1272 difficultates.

1114 1367 1119 1372 ·
1224 1317 1541 1392 Primum
1590 1317 1815 1407 enim,
1888 1319 2081 1416 quod
2144 1319 2434 1418 quidem
2481 1319 2832 1396 neminem
2879 1319 3064 1418 fugit
3113 1319 3258 1392 sive
3303 1319 3524 1392 ICtus
3573 1325 3681 1393 est
3729 1318 3872 1392 sive
3919 1317 4136 1392 Theo·

1076 1437 1277 1536 logus
1342 1438 1483 1512 sive
1554 1438 1732 1514 alius
1794 1439 2103 1518 cuiusvis
2150 1439 2502 1516 doctrinae
2563 1441 2916 1514 studiosus
2935 1497 2956 1527 ,
3006 1437 3346 1537 primum,
3397 1438 3684 1537 inquam
3706 1497 3727 1528 ‚
3778 1438 4138 1514 attenden-

1074 1557 1245 1631 dum
1316 1566 1457 1632 est:
1535 1557 1810 1656 regulas
1872 1559 2161 1656 quidem
2232 1559 2620 1640 doctrinam
2685 1559 3070 1647 continere,
3133 1557 3208 1633 in
3273 1557 3452 1632 vitae
3517 1583 3676 1634 vero
3735 1583 3947 1634 usum
4005 1583 4138 1633 non

1072 1677 1471 1766 transferre;
1524 1685 1876 1777 praeterea
1895 1736 1914 1767 ‚
1964 1678 2159 1752 aliud
2200 1702 2351 1752 esse
2395 1678 2754 1754 veritatem
2797 1700 3168 1776 agnoscere
3205 1683 3280 1750 et
3315 1678 3666 1774 profiteri,
3715 1676 3909 1753 aliud
3945 1678 4138 1752 illam

1068 1804 1253 1872 recte
1294 1797 1681 1896 intelligere
1723 1807 1795 1870 et
1840 1796 2183 1896 applicare
2202 1855 2224 1886 ,
2278 1798 2468 1874 unde
2511 1798 2912 1897 saepissime
2931 1855 2952 1885 ,
3001 1798 3076 1870 in
3120 1797 3364 1894 quovis
3411 1797 3798 1872 litterarum
3849 1823 4138 1898 genere,

1070 1917 1322 1991 accidit
1376 1925 1457 1990 ut
1477 1976 1495 2004 ‚
1556 1941 1731 2015 quos
1796 1917 1868 1990 in
1918 1915 2270 1990 doctrinae
2321 1917 2624 2005 theoria,
2675 1943 2887 2016 quam
2940 1917 3183 1992 dicunt
3206 1973 3226 2004 ,
3277 1917 3528 1991 intime
3569 1918 3999 1992 consociatos
4049 1917 4140 1990 vi-

1068 2034 1195 2108 des
1213 2090 1234 2120 ,
1305 2033 1376 2106 in
1442 2035 1593 2108 eius
1652 2033 2110 2131 applicatione
2182 2035 2319 2110 nisi
2389 2035 2528 2110 sibi
2593 2035 2887 2110 invicem
2950 2035 3300 2134 oppositos
3315 2095 3336 2125 ,
3405 2061 3648 2111 verum
3705 2045 3944 2113 tamen
4007 2061 4142 2112 non

1072 2147 1319 2251 parum
1365 2179 1408 2227 a
1454 2179 1528 2227 se
1582 2153 1919 2228 distantes
1965 2152 2292 2252 reperias.

1170 2271 1491 2346 Alterum
1512 2329 1533 2359 ,
1597 2272 1787 2370 quod
1850 2258 2077 2370 neque
2134 2271 2319 2346 intra
2367 2271 2538 2346 iuris
2587 2270 2805 2348 studii
2850 2273 3024 2348 fines
3077 2280 3186 2347 est
3237 2273 3768 2362 coarctandum,
3819 2273 3952 2348 hoc
4001 2283 4138 2348 est:

1069 2392 1160 2464 ab
1238 2416 1375 2466 una
1438 2399 1632 2491 parte
1701 2392 2211 2467 venerationem
2278 2391 2618 2491 conspicis
2683 2394 3032 2467 verborum
3099 2391 3297 2466 facile
3368 2391 3922 2492 superstitiosam
3950 2451 3972 2482 ,
4047 2393 4142 2467 ita

1071 2509 1323 2586 animis
1366 2511 1650 2586 insitam
1697 2511 2135 2610 ingeniisque
2189 2511 2604 2587 inculcatam
2627 2569 2647 2599 ‚
2718 2519 2838 2599 ut,
2905 2509 3067 2584 licet
3111 2510 3250 2584 vim
3296 2511 3650 2609 quandam
3695 2512 3950 2586 mentis
3995 2535 4142 2586 esse

1070 2654 1211 2704 non
1252 2640 1495 2730 neget,
1549 2631 1859 2729 undique
1907 2639 2142 2706 tamen
2195 2631 2575 2730 pelluceat3
2625 2629 2699 2705 in
2753 2637 3060 2704 mentem
3105 2629 3486 2729 inquiritur
3531 2632 3658 2706 sed
3706 2655 3929 2730 quum
3970 2631 4141 2706 forte

1067 2750 1285 2826 nimia
1332 2776 1705 2850 exsurgere
1752 2749 2117 2825 videantur
2166 2751 2386 2826 dubia
2439 2759 2510 2826 et
2561 2751 3038 2838 difficultates,
3087 2751 3180 2824 ad
3226 2749 3595 2826 verborum
3637 2753 3915 2826 firmam
3963 2751 4142 2826 scili-

1066 2878 1178 2954 cet
1243 2874 1718 2946 auctoritatem
1792 2871 1941 2945 cito·
2003 2871 2411 2959 recum-itum
2488 2871 2946 2946 venerationis
3009 2877 3247 2946 autem
3329 2871 3534 2948 istius
3607 2871 3878 2948 fructus
3954 2871 4144 2946 vides

1067 2989 1311 3065 hosce:
1364 2989 1503 3079 rei,
1556 3014 1771 3088 quam
1814 2991 2121 3065 venerari
2169 3016 2335 3092 prae
2382 3016 2456 3067 se
2495 2991 2630 3067 fert
2675 2992 2781 3067 vel
2829 2990 2965 3067 sibi
3003 3013 3413 3090 persuasum
3461 2990 3710 3079 habet,
3759 2991 4146 3069 irrisionem

1070 3109 1179 3183 vel
1242 3116 1693 3185 contemtum.
1794 3110 1910 3185 Ab
1980 3110 2195 3185 altera
2256 3119 2454 3210 parte
2474 3170 2495 3200 ,
2566 3111 2844 3187 liberior
2909 3111 3416 3210 interpretatio,
3491 3118 3569 3185 ut
3629 3112 4144 3212 superstitiosae

1073 3228 1528 3303 venerationis
1582 3228 1811 3328 ipsam
1866 3230 2081 3308 evitet
2137 3231 2460 3307 umbram
2479 3290 2499 3320 ,
2561 3232 2654 3307 ad
2712 3231 3203 3331 negligendam
3261 3232 3606 3307 verborum
3660 3232 3802 3307 vim
3850 3257 4143 3333 propen-

1071 3346 1211 3421 sior
1260 3356 1369 3421 est
1388 3406 1408 3436 ,
1472 3356 1543 3421 et
1608 3373 1831 3447 quum
1892 3358 2200 3425 mentem
2264 3350 2673 3450 legislatoris
2727 3351 3065 3450 interpres
3124 3351 3478 3449 explorare
3527 3376 3600 3427 se
3647 3361 3890 3451 putet,
3945 3377 4145 3428 suam

1072 3469 1157 3541 de
1202 3469 1349 3566 leffe
1396 3468 1811 3543 sententiam
1832 3528 1852 3558 ,
1906 3469 2078 3567 quid
2122 3470 2273 3568 ipse
2322 3470 2690 3559 edixisset,
2742 3471 2802 3545 si
2846 3470 3194 3569 legislator
3240 3469 3486 3545 fuisset
3509 3528 3530 3559 ,
3577 3472 3877 3549 nimium
3919 3480 4143 3548 atten-

1075 3586 1215 3675 dit,
1265 3587 1484 3662 donec
1530 3588 1815 3663 tandem
1864 3590 2151 3665 stultam
2212 3589 2542 3666 affectans
2591 3591 3033 3690 sapientiam,
3089 3590 3202 3664 vix
3255 3590 3532 3665 dubitet
3577 3592 3748 3690 quin
3796 3591 4148 3691 legislator

1074 3729 1215 3781 non
1271 3707 1525 3805 sapiat,
1576 3708 1711 3783 nisi
1760 3732 1995 3783 secum
2059 3711 2301 3810 sapiat.
2403 3711 2504 3785 Ut
2555 3712 2762 3787 verbo
2823 3710 3088 3785 dicam:
3141 3708 3232 3785 ab
3291 3734 3432 3785 una
3483 3719 3678 3809 parte
3735 3714 4146 3811 interpretes

1079 3825 1169 3898 de
1240 3826 1389 3920 suis
1456 3824 1718 3902 viribus
1779 3828 2223 3927 desperantes
2260 3830 2376 3905 ad
2445 3833 2918 3905 auctoritatem
2973 3829 3163 3903 vides
3215 3829 3737 3929 confugientes3
3787 3832 3880 3907 ab
3927 3832 4148 3907 altera

1080 3953 1275 4042 parte
1346 3944 1493 4019 suis
1562 3970 1637 4019 se
1710 3946 1989 4021 viribus.
2046 3947 2410 4025 efferentes
2481 3972 2934 4047 omnemque,
3003 3955 3279 4047 praeter
3351 3973 3551 4025 suam
3569 4008 3590 4039 ,
3662 3952 4144 4027 auctoritatem

986 4162 993 4169 ,
1082 4071 1552 4162 aspernantes.
2455 4050 2464 4064 ’

1180 4185 1259 4255 ln
1318 4190 1513 4259 tanta
1562 4182 1999 4281 ingeniorum
2066 4186 2464 4263 diversitate
2537 4189 2794 4263 mirum
2868 4188 3174 4288 profecto
3241 4188 3550 4265 accidere
3605 4190 3850 4289 nequit
3864 4249 3886 4279 ,
3935 4189 4147 4265 inter·

1083 4310 1313 4400 pretes
1336 4360 1355 4389 ,
1408 4302 1681 4377 etiamsi
1724 4304 2198 4394 consentiant,
2252 4336 2311 4377 ,ιι
2326 4308 2500 4382 scire
2554 4307 2742 4407 leges
2789 4332 2930 4383 non
2983 4308 3114 4383 hoc
3159 4331 3310 4381 esse
3361 4308 3569 4384 verba
3621 4332 3860 4385 earum
3913 4316 4150 4385 tenere

1086 4422 1211 4496 sed
1268 4422 1406 4496 vim
1456 4448 1537 4497 ac
1589 4429 2007 4522 potestatem
2027 4424 2097 4511 ‚''
2148 4448 2277 4499 suo
2321 4432 2554 4501 tamen
2602 4450 2950 4526 quemque
2995 4427 3204 4502 modo
3239 4433 3314 4501 et
3355 4452 3566 4505 sensu
3599 4429 3918 4530 regulam
3957 4429 4150 4505 illam

1082 4541 1157 4615 in
1206 4566 1413 4617 nsum
1464 4542 1813 4619 adhibere.

1180 4661 1380 4735 Favit
1422 4662 1793 4737 continuae
1837 4660 2217 4739 discordiae
2270 4663 2343 4739 in
2391 4663 2684 4765 singulis
2737 4664 2966 4743 causis
3011 4664 3400 4764 disputatio
3441 4666 3582 4741 fori
3602 4724 3624 4756 ,
3675 4691 3856 4767 quae
3911 4668 4025 4742 vix
4075 4667 4146 4743 in

1089 4777 1241 4853 aliis
1301 4787 1633 4880 occupata
1702 4788 1808 4856 est
1874 4785 2351 4861 controversiis
2417 4810 2628 4885 quam
2683 4810 2863 4886 quae
2913 4811 3000 4862 ex
3055 4784 3310 4885 scripto
3361 4794 3436 4860 et
3487 4787 3832 4863 sententia
3885 4788 4146 4863 consis-
