4730 6049
1863 663 2425 732 ORATIO.
3599 665 3687 732 49

629 884 896 952 rutrum
965 873 1231 950 accidat
1285 897 1568 950 necesse
1637 880 1774 949 est:
1839 871 2172 948 nimirum
2219 878 2345 949 aut
2388 873 2477 948 de
2525 871 2819 972 singulis
2876 873 3013 948 illis
3068 872 3265 949 novis
3320 871 3683 973 speciebus

627 998 932 1072 ferentur
1006 995 1195 1094 leges
1263 993 1666 1068 subitaneae
1686 1051 1707 1082 ‚
1783 993 2275 1069 tumultuariae
2295 1051 2317 1084 ,
2388 1001 2913 1093 extravagantes
2934 1051 2955 1082 ‚
3024 993 3221 1069 nullo
3301 1018 3462 1068 cum
3532 993 3684 1068 iure

627 1117 814 1217 quod
881 1123 1112 1190 exstat
1180 1115 1452 1190 vinculo
1513 1114 1789 1188 iunctae
1808 1171 1829 1202 ‚
1893 1121 2020 1189 aut
2073 1139 2156 1188 ea
2222 1137 2403 1213 quae
2462 1112 2827 1189 hominum
2892 1113 3169 1189 solertia
3230 1113 3684 1214 excogitavit,

625 1261 795 1313 usus
851 1236 1326 1324 confirmavit,
1391 1244 1728 1334 perpetuo
1783 1233 1952 1308 iuris
2013 1233 2234 1310 civilis
2284 1233 2543 1309 auxilio
2594 1232 3082 1310 destituentur.
3194 1234 3417 1314 Quod
3466 1235 3685 1335 igitur

623 1357 820 1432 initio
878 1356 1138 1432 frustra
1197 1381 1242 1431 a
1299 1355 1686 1454 legislatore
1750 1355 2078 1454 impetres
2097 1413 2118 1443 ‚
2179 1353 2308 1429 hoc
2364 1355 2672 1428 Ictorum
2734 1377 2995 1428 munus
3055 1361 3181 1429 est.
3304 1353 3443 1428 His
3496 1355 3683 1430 enim

623 1476 1002 1564 incumbit,
1051 1499 1216 1550 cum
1259 1476 1598 1574 prodeant
1645 1499 1824 1574 quae
1877 1475 2177 1549 utilitate
2219 1482 2290 1548 et
2335 1473 2685 1573 aequitate
2730 1497 2881 1548 sese
2930 1475 3422 1549 commendent
3468 1481 3679 1574 atque

623 1595 884 1672 radices
925 1619 1130 1695 agere
1175 1593 1564 1694 coeperint,
1615 1617 1855 1667 eorum
1903 1592 2102 1690 quasi
2137 1591 2411 1691 imperii
2448 1590 2558 1666 sui
2606 1592 2854 1692 potiri,
2906 1601 3231 1669 naturam
3270 1603 3341 1669 et
3376 1593 3683 1670 indolem

529 1785 548 1801 x
623 1716 1034 1814 investigare
1052 1774 1074 1804 ,
1132 1738 1294 1789 cum
1350 1713 1771 1812 quibusnam
1821 1737 1910 1787 ex
1956 1711 2358 1812 vulgaribus
2406 1736 2488 1786 ac
2534 1712 2827 1810 proditis
2877 1714 3175 1814 negotiis
3227 1715 3637 1790 conveniant
3653 1739 3678 1809 3

623 1836 974 1936 explorare
1015 1834 1278 1933 iisque,
1315 1833 1516 1932 quasi
1555 1831 1726 1906 iuris
1755 1833 2034 1932 signum
2083 1831 2585 1930 imprimendO,
2636 1831 2712 1906 in
2762 1840 3139 1932 systemate
3185 1834 3415 1909 locum
3461 1836 3679 1935 assig-

622 1981 805 2031 nare.
931 1957 1074 2030 Hac
1125 1955 1395 2030 ratione
1455 1953 1534 2026 id
1601 1953 1792 2053 quod
1845 1952 1994 2028 fieri
2041 1959 2312 2052 oportet
2371 1975 2511 2026 non
2558 1977 2599 2026 a
2644 1951 3033 2052 legislatore
3084 1954 3391 2053 primum
3437 1963 3679 2055 postu-

624 2075 916 2164 labitur,
984 2074 1110 2149 sed
1175 2073 1310 2148 Icti
1368 2074 1505 2173 ipsi
1570 2074 1760 2173 operi
1831 2097 2120 2148 manum
2187 2071 2662 2160 adhibebunt,
2713 2079 2787 2146 et
2842 2079 2998 2148 tum
3060 2074 3387 2164 demum,
3458 2101 3681 2176 quum

623 2197 709 2273 ab
760 2197 900 2271 illis
963 2195 1164 2294 quasi
1221 2193 1335 2269 ius
1405 2194 1766 2268 conditum
1841 2203 1913 2268 et
1971 2193 2346 2293 legislatori
2395 2193 2503 2268 via
2538 2193 2682 2268 ‘erit
2729 2193 3040 2283 munita,
3106 2194 3220 2269 hic
3240 2253 3261 2284 ,
3310 2197 3679 2273 sanciendo

621 2325 691 2391 et
765 2315 1260 2391 controversias
1333 2339 1511 2414 quae
1574 2314 1824 2390 durare
1887 2313 2471 2414 perseveraverint
2538 2312 2925 2388 dirimendo
2944 2372 2965 2403 ‚
3040 2323 3272 2412 partes
3348 2341 3511 2392 suas
3572 2317 3680 2392 in-

621 2442 956 2536 terponet.

716 2555 934 2635 Quod
995 2555 1234 2653 itaque
1283 2579 1324 2628 a
1373 2552 1710 2629 Romanis
1759 2553 2072 2628 nondum
2126 2551 2499 2628 didicimus
2546 2561 2619 2626 et
2660 2553 2902 2628 'tamen
2952 2554 3092 2628 iam
3137 2554 3410 2630 dudum
3454 2556 3544 2631 ab
3594 2556 3681 2632 iis

621 2675 1029 2762 discendum
1090 2683 1276 2762 erat,
1340 2673 1470 2749 hoc
1530 2681 1675 2762 est,
1745 2698 1830 2747 ne
1881 2674 1990 2748 ius
2038 2699 2179 2773 quo
2227 2674 2527 2761 utimur,
2596 2671 2937 2746 habeatur
2988 2681 3351 2773 tamquam
3401 2683 3681 2774 septum

623 2795 976 2894 quoddam
1045 2795 1362 2870 clausum
1431 2793 1542 2868 vel
1615 2793 1816 2893 quasi
1877 2818 2078 2868 muro
2140 2793 2444 2892 quodam
2512 2792 2839 2866 vallatum
2862 2851 2882 2880 ,
2952 2793 3142 2891 quod
3208 2801 3401 2870 extra
3458 2819 3532 2869 se
3580 2795 3682 2870 nil

621 2915 872 2990 habeat
917 2938 1044 2990 nec
1083 2914 1410 3013 recipiat,
1463 2915 1586 2990 sed
1635 2921 1718 2988 ut
1739 2913 1974 3014 potius
1999 2913 2313 3013 undique
2347 2912 3022 3013 circumspiciamus,
3066 2938 3229 2989 cum
3260 2915 3684 3014 quibusnam

625 3060 708 3109 ex
773 3036 862 3111 iis
923 3061 1104 3137 quae
1147 3044 1464 3125 exstant,
1513 3035 1604 3111 ad
1653 3038 1834 3135 quae
1877 3036 2295 3126 reserantur,
2345 3059 2522 3111 nova
2566 3059 2745 3135 quae
2800 3036 3110 3113 existant
3158 3037 3681 3113 similitudinem

623 3159 743 3229 aut
787 3156 1182 3255 analogiam
1228 3142 1548 3232 referant.

717 3273 831 3348 Sic
899 3273 1228 3373 equidem
1292 3298 1432 3349 non
1494 3298 1676 3373 nego
1737 3274 1887 3350 fieri
1943 3300 2149 3376 posse
2169 3335 2191 3365 ,
2245 3282 2324 3350 ut
2374 3300 2560 3351 error
2607 3272 3013 3367 obiiciatur,
3063 3303 3206 3378 quo
3224 3337 3245 3368 ,
3296 3304 3369 3353 re
3410 3302 3550 3353 non
3592 3278 3684 3353 ab

623 3393 814 3467 omni
875 3401 1074 3493 parte
1131 3402 1490 3493 perspecta
1553 3402 1625 3468 et
1693 3394 1866 3470 falsa
1917 3395 2393 3472 similitudinis
2447 3396 2670 3497 specie
2718 3396 3031 3495 decepti,
3084 3399 3156 3471 in
3208 3397 3686 3497 comparandis

622 3510 1076 3585 dissimilibus
1141 3511 1456 3587 labamur
1477 3570 1498 3599 ,
1569 3518 1652 3587 ut
1713 3514 1990 3614 egregie
2056 3514 2475 3591 fallebantur
2523 3516 2625 3590 illi
2682 3540 2771 3589 ex
2826 3517 3301 3592 Romanorum
3345 3516 3515 3591 Ictis
3561 3515 3685 3614 qui

620 3629 696 3703 in
767 3656 852 3705 eo
919 3639 1317 3721 contractu,
1372 3656 1515 3731 quo
1571 3633 1719 3731 agri
1785 3635 2152 3735 vectigales
2209 3635 2280 3708 in
2332 3644 2745 3735 perpetuum
2803 3636 3010 3710 locari
3062 3636 3415 3741 solebant,
3466 3634 3685 3709 donec

624 3751 812 3826 Zeno
855 3752 1204 3851 propriam
1253 3753 1319 3827 ei
1360 3752 1716 3829 tribuisset
1751 3763 2071 3829 naturam
2094 3814 2114 3843 ,
2157 3755 2532 3831 emtionem
2573 3756 3041 3830 venditionem
3098 3763 3221 3831 aut
3276 3753 3686 3829 locationem

619 3870 1150 3946 conductionem
1179 3872 1316 3946 sibi
1343 3873 1737 3972 conspicere
1763 3874 2124 3965 visisunt,
2170 3876 2279 3951 vel
2320 3878 2445 3975 qui
2487 3902 2648 3952 cum
2691 3901 2802 3951 res
2836 3878 3214 3967 aestimata
3264 3875 3470 3951 alicui
3522 3898 3683 3949 ven-

621 3988 852 4065 denda
919 3991 1084 4066 data
1137 3991 1383 4081 fuerit,
1453 4017 1539 4066 ex
1587 3994 1868 4069 vendito
1912 3996 2022 4070 vel
2065 4020 2150 4071 ex
2204 3996 2427 4072 locato
2476 3998 2831 4097 agendum
2880 4022 3029 4073 esse
3075 3997 3681 4085 existimaverunt,

621 4111 746 4185 sed
812 4111 1220 4188 huiusmodi
1277 4138 1538 4187 errores
1594 4114 1779 4189 delet
1832 4115 1981 4189 dies
1999 4148 2019 4203 ;
2071 4116 2201 4190 hoc
2243 4125 2429 4191 certe
2471 4117 2563 4192 ad
2613 4128 2841 4195 vetera
2890 4144 3068 4194 nova
3113 4118 3559 4218 adiungendo
3611 4124 3683 4192 et

619 4229 794 4305 haec
841 4232 934 4305 ad
979 4232 1098 4307 illa
1140 4232 1531 4323 referendo,
1581 4235 1880 4309 assecuti
1917 4242 2120 4324 sunt,
2172 4260 2262 4309 ne
2305 4236 2667 4335 negotium
2710 4237 2909 4312 civile
2952 4236 3139 4312 bona
3183 4236 3323 4311 fide
3362 4243 3705 4335 gestum,'

619 4372 962 4448 umquam
1025 4350 1391 4428 tuitionem
1431 4346 1620 4428 'iuris
1673 4354 2099 4429 desideraret
2146 4352 2254 4429 vel
2301 4356 2653 4431 sanctione
2699 4363 2997 4446 careret,
3046 4356 3219 4431 adeo
3264 4364 3343 4429 ut
3390 4356 3463 4429 in
3512 4378 3675 4429 ana·

617 4467 808 4568 logia
847 4494 1072 4546 errare
1117 4471 1446 4547 maluisse
1493 4474 1822 4549 censendi
1859 4475 1999 4549 sint
2017 4534 2038 4564 ‚
2088 4499 2303 4575 quam
2351 4482 2613 4551 temere
2656 4477 2840 4576 pati,
2891 4484 2971 4551 ut
3015 4476 3138 4576 qui
3178 4475 3391 4549 fidem
3437 4474 3677 4549 datam

617 4588 928 4666 fallendo
975 4592 1050 4666 in
1099 4594 1520 4691 aequitatem
1570 4596 2065 4685 commisisset,
2117 4597 2209 4671 ad
2254 4595 2370 4671 ius
2417 4610 2838 4695 provocaret.

725 4710 1040 4787 'l'ertium
1106 4712 1296 4810 quod
1361 4712 1534 4789 iuris
1593 4716 1896 4792 Romani
1961 4716 2264 4816 cognitio
2315 4716 2516 4793 affert
2566 4717 3111 4791 emolumentum
3132 4770 3154 4803 ,
3212 4711 3519 4813 positum
3568 4718 3677 4789 eat
3798 4792 3805 4799 ,

615 4831 698 4903 in
760 4829 1030 4930 ingenti
1098 4856 1238 4930 qua
1264 4831 1602 4917 abundat
1657 4860 1890 4912 rerum
1945 4836 2038 4912 ad
2085 4837 2197 4913 ius
2241 4835 2740 4935 pertinentium
2786 4833 2985 4951 copia
3032 4842 3105 4909 et
3155 4832 3503 4909 varietate.
3579 4832 3676 4907 Et

3196 5012 3211 5028 .
3294 4956 3340 5031 7
