4730 6049
847 638 977 705 :ms
1767 646 1841 712 B.
1912 646 2474 712 TER.BAAR
2547 643 2994 712 ORATIO.

848 854 1169 945 sti-aeque
1212 848 1635 927 Academiae
1675 852 1765 927 de
1804 853 2128 930 restituta
2166 881 2336 955 pace
2379 882 2463 931 ac
2499 855 2866 933 concordia
2904 854 3634 953 gratularer31aetum
3675 861 3916 933 tamen

844 966 1045 1043 illum
1122 967 1309 1043 diem
1376 969 1566 1045 haud
1640 973 1882 1070 procul
1950 974 2219 1051 abesse
2258 1000 2576 1075 sperare,
2647 983 3088 1073 exspectare,
3139 974 3510 1075 augurari,
3559 975 3918 1051 vaticinari

842 1085 1004 1161 licet
1030 1088 1151 1179 ¹⁰).
1198 1089 1477 1189 Pergite
1520 1115 1603 1165 ac
1648 1091 1998 1190 perficite,
2048 1096 2299 1195 optimi
2344 1096 2678 1173 Iuvenes!
2731 1094 2924 1193 quod
2965 1103 3110 1170 tam
3155 1094 3448 1171 feliciter
3491 1094 3912 1183 inchoasti„

844 1214 915 1279 et
958 1207 1150 1281 brevi
1186 1217 1467 1285 coronet
1504 1234 1721 1309 opuS,
1770 1213 1963 1310 quod
2000 1222 2231 1291 totum
2277 1224 2586 1291 vestrum
2620 1240 2802 1315 opus
2840 1214 3008 1303 erit,
3053 1214 3218 1289 finis
3257 1216 3660 1314 exoptatus!
3741 1215 3910 1293 Tra-

840 1326 1133 1401 iectinae
1194 1328 1613 1405 Academiae
1678 1330 1901 1408 cives!
1968 1345 2394 1412 mementote
2457 1335 2752 1411 Unionis
2797 1335 3092 1411 foederis
3141 1335 3216 1409 in
3265 1334 3514 1410 eadem
3561 1333 3692 1410 hac
3733 1333 3910 1411 urbe

840 1446 1065 1545 pacti,
1130 1455 1242 1538 et,
1304 1448 1557 1527 iisdem
1616 1451 1693 1527 in
1746 1453 1989 1529 castris
2047 1455 2468 1545 militantes,
2537 1480 2780 1541 omnes
2827 1478 3052 1529 unum
3093 1454 3422 1531 vexillum
3473 1454 3909 1553 sequamini,

840 1566 956 1640 cui
1019 1566 1189 1641 haec
1254 1568 1461 1643 verba
1523 1578 1731 1668 (quae
1777 1573 2017 1670 proavi
2054 1576 2277 1649 nostri
2322 1576 2624 1650 monetis
2667 1575 2814 1649 suis
2862 1574 3118 1650 excudi
3162 1581 3522 1667 curarunt)
3571 1574 3912 1671 inscripta

840 1686 1199 1785 legantur:
1283 1691 1651 1763 Concordia
1714 1716 1829 1765 rea
1864 1720 2133 1791 parvae
2180 1706 2487 1769 crescunt
2501 1754 2523 1784 ‚
2588 1698 2929 1769 discordia
2975 1719 3090 1769 rea
3133 1720 3420 1793 nra-qnae
3459 1694 3856 1767 dilabuntur
3872 1696 3908 1766 l

840 1806 1351 1883 Acclamabunt
1396 1807 1630 1898 vobis,
1678 1809 1957 1888 dextras
2008 1814 2468 1915 iungentibus
2488 1875 2510 1904 ‚
2559 1817 2931 1891 Curatores
2951 1874 2972 1905 ,
3020 1814 3448 1891 Professores
3469 1871 3491 1902 ,
3542 1820 3866 1913 parentes
3883 1867 3906 1904 ,

842 1926 1023 2001 cives
1039 1983 1061 2015 ,
1126 1928 1387 2025 patria3
1454 1938 1667 2028 atque
1730 1931 1915 2007 diem
1935 1992 1957 2021 ,
2026 1959 2168 2033 quo
2234 1935 2367 2011 hoc
2437 1935 2684 2011 foedus
2727 1933 3130 2036 pepigeritis
3148 1992 3169 2023 ,
3237 1933 3698 2009 salutabimus
3749 1942 3906 2009 tan-

842 2070 1053 2143 quam
1098 2047 1285 2123 diem
1332 2048 1591 2125 festum
1638 2058 1709 2125 et
1750 2052 2175 2151 praeclarum
2195 2114 2217 2144 ‚
2285 2055 2359 2129 in
2404 2055 2602 2131 fastis
2649 2057 2902 2131 nostris
2943 2054 3382 2131 Academicis
3422 2053 3652 2129 aureis
3691 2054 3908 2129 veluti

839 2161 1087 2239 litteris
1136 2166 1593 2264 signandum‘l

2146 2396 2568 2409 ——-—

932 2642 1092 2720 Hoc
1136 2644 1358 2744 igitur
1399 2670 1625 2723 unum
1662 2654 1879 2723 restat
1930 2656 2010 2723 ut
2062 2649 2442 2725 rectionem
2489 2673 2748 2749 ponam
2791 2674 3092 2747 meoque
3135 2647 3406 2723 tradam
3451 2648 3852 2723 successori.

928 2764 1040 2838 Ex
1102 2765 1585 2863 augustissimi
1640 2754 1888 2867 Regis'
1922 2768 2197 2845 decreto
2216 2828 2237 2859 ,
2294 2771 2371 2845 in
2421 2771 2818 2870 proximum
2867 2792 3134 2845 annum
3176 2769 3436 2843 Rector
3473 2766 3902 2867 Magnificus

832 2885 1282 2959 renunciatur
1362 2886 1467 2959 vir
1544 2886 1971 2963 clarissimus
2056 2912 2426 2963 enonems
2495 2912 2947 2965 sumimus
3023 2910 3338 2965 vmnn.
3409 2928 3514 2947 --
3585 2886 3904 2965 Awdas

830 3002 1088 3102 igitur,
1138 3002 1266 3078 Vir
1308 3004 1724 3103 Magnifice!
1775 3006 2412 3110 magistratumque
2432 3068 2453 3098 ,
2504 3035 2645 3108 quo
2691 3010 3064 3086 defunctus
3109 3035 3268 3086 sum
3287 3069 3310 3099 ‚
3359 3010 3472 3092 Tu
3511 3008 3808 3108 suscipe.

750 3203 785 3229 α
931 3121 1135 3196 Salve
1157 3178 1180 3210 ,
1220 3122 1641 3198 Academiae
1680 3125 1974 3201 Rector!
2028 3129 2295 3202 Iterum
2338 3129 2734 3230 iterumque
2775 3131 2982 3208 salve.
3077 3131 3154 3205 N
3153 3155 3360 3206 omen
3401 3135 3610 3206 tuum
3629 3186 3652 3216 ‚
3699 3126 3894 3226 quod

834 3263 1041 3316 omen
1113 3247 1260 3332 est,
1327 3247 1451 3318 tua
1510 3241 1713 3318 nobis
1777 3253 2139 3346 perspecta
2186 3247 2458 3324 indoles
2499 3258 2574 3326 et
2618 3249 2988 3326 laudabilis
3030 3250 3242 3326 huius
3280 3247 3740 3328 Academicae
3781 3247 3890 3324 iu-

833 3360 1141 3438 ventutis
1158 3419 1181 3451 ‚
1234 3386 1447 3462 quam
1496 3362 1609 3440 his
1654 3364 1827 3464 ipsis
1881 3365 2132 3442 diebus
2174 3367 2684 3458 manifestavit,
2733 3369 3093 3457 voluntas,
3145 3367 3636 3467 magistratum
3681 3372 3890 3442 tuum

830 3481 1198 3580 pacificum
1248 3483 1395 3560 fore
1437 3485 1823 3564 certissimo
1864 3485 2069 3562 nobis
2118 3495 2288 3564 sunt
2323 3488 2634 3589 pignori!
2707 3488 3000 3566 Utinam
3041 3490 3240 3564 Deii's
3283 3487 3618 3589 Optimus
3657 3485 3890 3562 Maxi-

832 3626 993 3678 mus
1015 3660 1036 3691 ,
1110 3603 1235 3702 qui
1301 3628 1429 3704 per
1492 3613 1725 3682 totum
1789 3606 1977 3684 hune
2046 3633 2310 3685 annum
2375 3609 2550 3686 mihi
2603 3609 2869 3710 adfuit,
2929 3609 3054 3710 qui
3107 3616 3180 3684 et
3227 3610 3358 3683 hac
3409 3606 3678 3682 solenni
3724 3605 3891 3681 hora

830 3745 948 3798 me
1012 3725 1426 3799 sustentavit
1446 3781 1469 3816 ‚
1534 3733 1605 3800 et
1664 3726 1829 3802 'I'ibi
1878 3730 2223 3828 propitius
2268 3730 2498 3820 adsit,
2549 3730 2850 3830 'sibique
2891 3731 3166 3807 firmam
3209 3736 3284 3804 et
3325 3728 3582 3804 laetam
3628 3727 3888 3803 valetu-

836 3841 1073 3916 dinem
1130 3843 1453 3919 restituat
1520 3851 1593 3920 et
1654 3850 2050 3924 conservet!
2122 3850 2329 3924 Faxit
2369 3851 2560 3925 idem
2606 3849 2724 3924 ille
2769 3851 2964 3926 Deus
2987 3909 3008 3940 ,
3059 3859 3142 3925 ut
3159 3909 3181 3939 ,
3229 3850 3330 3924 Te
3377 3847 3676 3924 Rectore
3711 3845 3890 3921 tuis-

835 3984 977 4058 que
1033 3961 1358 4061 auspiciis
1382 4021 1403 4052 ,
1470 3966 1852 4043 Academia
1908 3967 2584 4046 Rheno-Traiectina
2639 3969 2871 4068 vigeat
2912 3995 2993 4045 ac
3041 3970 3284 4045 floreat
3331 3975 3404 4044 et
3449 3967 3632 4044 inter
3671 3965 3892 4044 almas

834 4087 1112 4156 nostrae
1158 4083 1421 4180 patriae
1470 4085 1841 4164 Musarum
1894 4088 2094 4163 sedes
2111 4148 2133 4177 ,
2202 4088 2508 4178 civibus,
2577 4089 2830 4164 studiis
2847 4147 2870 4178 ,
2929 4089 3274 4166 fructibus
3295 4146 3316 4178 ,
3365 4087 3718 4176 moribus,
3765 4109 3890 4185 op·

838 4201 1051 4277 timae
1096 4226 1337 4300 parem
1384 4229 1459 4280 se
1506 4214 1811 4307 praestet
1858 4231 1939 4284 ac
1985 4207 2236 4309 probet
2254 4266 2277 4300 ‚
2323 4209 2592 4284 nemini
2638 4209 3048 4285 secundam!

2238 4581 2496 4645 DIXL
