<?xml version="1.0" encoding="UTF-8"?>
<!DOCTYPE html PUBLIC "-//W3C//DTD XHTML 1.0 Transitional//EN"
    "http://www.w3.org/TR/xhtml1/DTD/xhtml1-transitional.dtd">
<html xmlns="http://www.w3.org/1999/xhtml" xml:lang="en" lang="en">
 <head>
  <title>
</title>
<meta http-equiv="Content-Type" content="text/html;charset=utf-8" />
  <meta name='ocr-system' content='tesseract 3.04.00' />
  <meta name='ocr-capabilities' content='ocr_page ocr_carea ocr_par ocr_line ocrx_word'/>
</head>
<body>
  <div class='ocr_page' id='page_1' title='image "annalesacademic01confgoog_0136.png"; bbox 0 0 4730 6049; ppageno 0'>
   <div class='ocr_carea' id='block_1_1' title="bbox 142 5297 211 6026">
    <p class='ocr_par' dir='ltr' id='par_1_1' title="bbox 142 5297 211 6026">
     <span class='ocr_line' id='line_1_1' title="bbox 142 5297 211 6026; textangle 90"><span class='ocrx_word' id='word_1_1' title='bbox 142 5969 211 6026; x_wconf 65' lang='lat' dir='ltr'><strong>r</strong></span> <span class='ocrx_word' id='word_1_2' title='bbox 142 5297 149 5932; x_wconf 22' lang='lat' dir='ltr'><strong>“wc——</strong></span> 
     </span>
    </p>
   </div>
   <div class='ocr_carea' id='block_1_2' title="bbox 1073 636 2955 706">
    <p class='ocr_par' dir='ltr' id='par_1_2' title="bbox 1073 636 2955 706">
     <span class='ocr_line' id='line_1_2' title="bbox 1073 636 2955 706; baseline 0 -5"><span class='ocrx_word' id='word_1_3' title='bbox 1073 636 1199 703; x_wconf 72' lang='lat'><strong>126</strong></span> <span class='ocrx_word' id='word_1_4' title='bbox 2243 636 2317 706; x_wconf 90' lang='grc' dir='ltr'><strong>Β.</strong></span> <span class='ocrx_word' id='word_1_5' title='bbox 2388 637 2592 703; x_wconf 76' lang='lat' dir='ltr'><strong>TER</strong></span> <span class='ocrx_word' id='word_1_6' title='bbox 2659 636 2955 703; x_wconf 72' lang='lat' dir='ltr'>HAAR</span> 
     </span>
    </p>
   </div>
   <div class='ocr_carea' id='block_1_3' title="bbox 1067 839 4142 2037">
    <p class='ocr_par' dir='ltr' id='par_1_3' title="bbox 1067 839 4134 1283">
     <span class='ocr_line' id='line_1_3' title="bbox 1072 839 4130 941; baseline -0.001 -22"><span class='ocrx_word' id='word_1_7' title='bbox 1072 852 1259 919; x_wconf 89' lang='lat' dir='ltr'><strong>rator</strong></span> <span class='ocrx_word' id='word_1_8' title='bbox 1302 845 1572 921; x_wconf 80' lang='lat' dir='ltr'><strong>annuit.</strong></span> <span class='ocrx_word' id='word_1_9' title='bbox 1670 844 1940 921; x_wconf 87' lang='lat' dir='ltr'><strong>Eodem</strong></span> <span class='ocrx_word' id='word_1_10' title='bbox 1986 868 2225 919; x_wconf 87' lang='lat' dir='ltr'><strong>mense</strong></span> <span class='ocrx_word' id='word_1_11' title='bbox 2269 844 2461 919; x_wconf 87' lang='lat' dir='ltr'><strong>Iunii</strong></span> <span class='ocrx_word' id='word_1_12' title='bbox 2505 844 2712 919; x_wconf 90' lang='lat' dir='ltr'><strong>nobis</strong></span> <span class='ocrx_word' id='word_1_13' title='bbox 2757 852 2982 921; x_wconf 90' lang='lat' dir='ltr'><strong>morte</strong></span> <span class='ocrx_word' id='word_1_14' title='bbox 3025 840 3245 941; x_wconf 88' lang='lat' dir='ltr'><strong>erepti</strong></span> <span class='ocrx_word' id='word_1_15' title='bbox 3282 846 3454 915; x_wconf 85' lang='lat' dir='ltr'><strong>sunt</strong></span> <span class='ocrx_word' id='word_1_16' title='bbox 3499 840 3852 915; x_wconf 83' lang='lat' dir='ltr'><strong>duumviri</strong></span> <span class='ocrx_word' id='word_1_17' title='bbox 3897 839 4130 915; x_wconf 77' lang='lat' dir='ltr'><strong>claris-</strong></span> 
     </span>
     <span class='ocr_line' id='line_1_4' title="bbox 1070 959 4134 1063; baseline -0.002 -23"><span class='ocrx_word' id='word_1_18' title='bbox 1070 967 1235 1041; x_wconf 89' lang='lat' dir='ltr'><strong>simi</strong></span> <span class='ocrx_word' id='word_1_19' title='bbox 1299 989 1807 1043; x_wconf 71' lang='lat' dir='ltr'><strong>caonnnwoun</strong></span> <span class='ocrx_word' id='word_1_20' title='bbox 1870 974 1941 1041; x_wconf 91' lang='lat' dir='ltr'><strong>et</strong></span> <span class='ocrx_word' id='word_1_21' title='bbox 2000 988 2343 1040; x_wconf 72' lang='lat' dir='ltr'><strong>nnaesuA</strong></span> <span class='ocrx_word' id='word_1_22' title='bbox 2362 1022 2384 1053; x_wconf 96' lang='lat'><strong>,</strong></span> <span class='ocrx_word' id='word_1_23' title='bbox 2447 989 2746 1063; x_wconf 88' lang='lat' dir='ltr'><strong>quorum</strong></span> <span class='ocrx_word' id='word_1_24' title='bbox 2815 962 3224 1041; x_wconf 80' lang='lat' dir='ltr'><strong>memoriam</strong></span> <span class='ocrx_word' id='word_1_25' title='bbox 3279 960 3532 1037; x_wconf 87' lang='lat' dir='ltr'><strong>debitis</strong></span> <span class='ocrx_word' id='word_1_26' title='bbox 3580 959 3908 1035; x_wconf 76' lang='lat' dir='ltr'><strong>laudibus</strong></span> <span class='ocrx_word' id='word_1_27' title='bbox 3953 959 4134 1034; x_wconf 83' lang='lat' dir='ltr'><strong>cele·</strong></span> 
     </span>
     <span class='ocr_line' id='line_1_5' title="bbox 1072 1078 4134 1184; baseline -0.002 -23"><span class='ocrx_word' id='word_1_28' title='bbox 1072 1088 1309 1177; x_wconf 81' lang='lat' dir='ltr'><strong>brare,</strong></span> <span class='ocrx_word' id='word_1_29' title='bbox 1365 1087 1471 1161; x_wconf 92' lang='lat' dir='ltr'><strong>uti</strong></span> <span class='ocrx_word' id='word_1_30' title='bbox 1528 1087 1639 1161; x_wconf 86' lang='lat' dir='ltr'><strong>lex</strong></span> <span class='ocrx_word' id='word_1_31' title='bbox 1686 1086 1886 1161; x_wconf 84' lang='lat' dir='ltr'><strong>iubet</strong></span> <span class='ocrx_word' id='word_1_32' title='bbox 1906 1144 1926 1175; x_wconf 91' lang='lat'><strong>,</strong></span> <span class='ocrx_word' id='word_1_33' title='bbox 1986 1086 2085 1163; x_wconf 83' lang='lat' dir='ltr'><strong>ita</strong></span> <span class='ocrx_word' id='word_1_34' title='bbox 2137 1084 2337 1184; x_wconf 90' lang='lat' dir='ltr'><strong>pium</strong></span> <span class='ocrx_word' id='word_1_35' title='bbox 2385 1094 2493 1159; x_wconf 86' lang='lat' dir='ltr'><strong>est</strong></span> <span class='ocrx_word' id='word_1_36' title='bbox 2543 1086 2848 1161; x_wconf 89' lang='lat' dir='ltr'><strong>officium</strong></span> <span class='ocrx_word' id='word_1_37' title='bbox 2867 1144 2888 1175; x_wconf 94' lang='lat'><strong>,</strong></span> <span class='ocrx_word' id='word_1_38' title='bbox 2950 1084 3067 1159; x_wconf 90' lang='lat' dir='ltr'><strong>cui</strong></span> <span class='ocrx_word' id='word_1_39' title='bbox 3119 1082 3360 1159; x_wconf 74' lang='lat' dir='ltr'><strong>deesse</strong></span> <span class='ocrx_word' id='word_1_40' title='bbox 3411 1080 3520 1157; x_wconf 87' lang='lat' dir='ltr'><strong>vel</strong></span> <span class='ocrx_word' id='word_1_41' title='bbox 3565 1105 3680 1155; x_wconf 90' lang='lat' dir='ltr'><strong>me</strong></span> <span class='ocrx_word' id='word_1_42' title='bbox 3727 1078 4134 1155; x_wconf 82' lang='lat' dir='ltr'><strong>subtrahere</strong></span> 
     </span>
     <span class='ocr_line' id='line_1_6' title="bbox 1067 1210 1306 1283; baseline 0 0"><span class='ocrx_word' id='word_1_43' title='bbox 1067 1210 1306 1283; x_wconf 83' lang='lat' dir='ltr'><strong>nolim.</strong></span> 
     </span>
    </p>

    <p class='ocr_par' dir='ltr' id='par_1_4' title="bbox 1070 1320 4142 2037">
     <span class='ocr_line' id='line_1_7' title="bbox 1168 1320 4138 1419; baseline -0.002 -18"><span class='ocrx_word' id='word_1_44' title='bbox 1168 1331 1488 1403; x_wconf 63' lang='lat' dir='ltr'><strong>Iaconus</strong></span> <span class='ocrx_word' id='word_1_45' title='bbox 1532 1351 1941 1403; x_wconf 74' lang='lat' dir='ltr'><strong>connnmus</strong></span> <span class='ocrx_word' id='word_1_46' title='bbox 1984 1348 2465 1401; x_wconf 73' lang='lat' dir='ltr'><strong>swranmsnu</strong></span> <span class='ocrx_word' id='word_1_47' title='bbox 2509 1346 3046 1416; x_wconf 65' lang='lat' dir='ltr'><strong>qaonnnwoun,</strong></span> <span class='ocrx_word' id='word_1_48' title='bbox 3089 1322 3370 1411; x_wconf 79' lang='lat' dir='ltr'><strong>natione</strong></span> <span class='ocrx_word' id='word_1_49' title='bbox 3400 1321 3668 1397; x_wconf 86' lang='lat' dir='ltr'><strong>Frisius</strong></span> <span class='ocrx_word' id='word_1_50' title='bbox 3696 1323 3757 1413; x_wconf 88' lang='lat'><strong>¹)</strong></span> <span class='ocrx_word' id='word_1_51' title='bbox 3777 1378 3798 1409; x_wconf 93' lang='lat'><strong>,</strong></span> <span class='ocrx_word' id='word_1_52' title='bbox 3837 1320 4138 1419; x_wconf 83' lang='lat' dir='ltr'><strong>primam</strong></span> 
     </span>
     <span class='ocr_line' id='line_1_8' title="bbox 1072 1438 4139 1543; baseline -0.003 -20"><span class='ocrx_word' id='word_1_53' title='bbox 1072 1472 1272 1523; x_wconf 87' lang='lat' dir='ltr'><strong>suam</strong></span> <span class='ocrx_word' id='word_1_54' title='bbox 1308 1448 1820 1521; x_wconf 83' lang='lat' dir='ltr'><strong>institutionem</strong></span> <span class='ocrx_word' id='word_1_55' title='bbox 1858 1446 1932 1519; x_wconf 88' lang='lat' dir='ltr'><strong>in</strong></span> <span class='ocrx_word' id='word_1_56' title='bbox 1980 1444 2390 1533; x_wconf 85' lang='lat' dir='ltr'><strong>Zeelandia,</strong></span> <span class='ocrx_word' id='word_1_57' title='bbox 2441 1443 2824 1531; x_wconf 85' lang='lat' dir='ltr'><strong>Zierizeae,</strong></span> <span class='ocrx_word' id='word_1_58' title='bbox 2870 1442 3170 1543; x_wconf 81' lang='lat' dir='ltr'><strong>accepit3</strong></span> <span class='ocrx_word' id='word_1_59' title='bbox 3209 1468 3350 1542; x_wconf 84' lang='lat' dir='ltr'><strong>qua</strong></span> <span class='ocrx_word' id='word_1_60' title='bbox 3394 1441 3470 1517; x_wconf 89' lang='lat' dir='ltr'><strong>in</strong></span> <span class='ocrx_word' id='word_1_61' title='bbox 3519 1440 3708 1517; x_wconf 84' lang='lat' dir='ltr'><strong>urbe.</strong></span> <span class='ocrx_word' id='word_1_62' title='bbox 3737 1448 3974 1539; x_wconf 84' lang='lat' dir='ltr'><strong>pater,</strong></span> <span class='ocrx_word' id='word_1_63' title='bbox 4025 1438 4139 1515; x_wconf 80' lang='lat' dir='ltr'><strong>cui</strong></span> 
     </span>
     <span class='ocr_line' id='line_1_9' title="bbox 1070 1560 4138 1663; baseline -0.002 -21"><span class='ocrx_word' id='word_1_64' title='bbox 1070 1568 1297 1643; x_wconf 89' lang='lat' dir='ltr'><strong>multa</strong></span> <span class='ocrx_word' id='word_1_65' title='bbox 1344 1567 1591 1642; x_wconf 85' lang='lat' dir='ltr'><strong>debuit</strong></span> <span class='ocrx_word' id='word_1_66' title='bbox 1640 1568 1827 1641; x_wconf 86' lang='lat' dir='ltr'><strong>filius</strong></span> <span class='ocrx_word' id='word_1_67' title='bbox 1848 1624 1869 1655; x_wconf 93' lang='lat'><strong>,</strong></span> <span class='ocrx_word' id='word_1_68' title='bbox 1933 1566 2299 1641; x_wconf 78' lang='lat' dir='ltr'><strong>Sacrorum</strong></span> <span class='ocrx_word' id='word_1_69' title='bbox 2350 1562 2710 1639; x_wconf 90' lang='lat' dir='ltr'><strong>Antistitis</strong></span> <span class='ocrx_word' id='word_1_70' title='bbox 2761 1588 3048 1639; x_wconf 85' lang='lat' dir='ltr'><strong>munere</strong></span> <span class='ocrx_word' id='word_1_71' title='bbox 3098 1587 3225 1663; x_wconf 86' lang='lat' dir='ltr'><strong>per</strong></span> <span class='ocrx_word' id='word_1_72' title='bbox 3270 1564 3536 1662; x_wconf 80' lang='lat' dir='ltr'><strong>aliquot</strong></span> <span class='ocrx_word' id='word_1_73' title='bbox 3583 1584 3802 1637; x_wconf 83' lang='lat' dir='ltr'><strong>annos</strong></span> <span class='ocrx_word' id='word_1_74' title='bbox 3851 1560 4138 1635; x_wconf 83' lang='lat' dir='ltr'><strong>functus</strong></span> 
     </span>
     <span class='ocr_line' id='line_1_10' title="bbox 1074 1682 4138 1783; baseline -0.003 -20"><span class='ocrx_word' id='word_1_75' title='bbox 1074 1697 1201 1763; x_wconf 87' lang='lat' dir='ltr'><strong>est.</strong></span> <span class='ocrx_word' id='word_1_76' title='bbox 1302 1690 1611 1763; x_wconf 87' lang='lat' dir='ltr'><strong>Puerum</strong></span> <span class='ocrx_word' id='word_1_77' title='bbox 1676 1712 1751 1761; x_wconf 89' lang='lat' dir='ltr'><strong>se</strong></span> <span class='ocrx_word' id='word_1_78' title='bbox 1810 1686 2035 1783; x_wconf 83' lang='lat' dir='ltr'><strong>magis</strong></span> <span class='ocrx_word' id='word_1_79' title='bbox 2096 1685 2345 1759; x_wconf 87' lang='lat' dir='ltr'><strong>ludum</strong></span> <span class='ocrx_word' id='word_1_80' title='bbox 2405 1692 2478 1759; x_wconf 93' lang='lat' dir='ltr'><strong>et</strong></span> <span class='ocrx_word' id='word_1_81' title='bbox 2538 1684 2730 1759; x_wconf 90' lang='lat' dir='ltr'><strong>iocos</strong></span> <span class='ocrx_word' id='word_1_82' title='bbox 2797 1708 3013 1781; x_wconf 89' lang='lat' dir='ltr'><strong>quam</strong></span> <span class='ocrx_word' id='word_1_83' title='bbox 3077 1685 3342 1759; x_wconf 82' lang='lat' dir='ltr'><strong>litteras</strong></span> <span class='ocrx_word' id='word_1_84' title='bbox 3387 1707 3702 1771; x_wconf 84' lang='lat' dir='ltr'><strong>amasse,</strong></span> <span class='ocrx_word' id='word_1_85' title='bbox 3771 1682 3924 1780; x_wconf 85' lang='lat' dir='ltr'><strong>ipse</strong></span> <span class='ocrx_word' id='word_1_86' title='bbox 3982 1704 4138 1779; x_wconf 84' lang='lat' dir='ltr'><strong>pro-</strong></span> 
     </span>
     <span class='ocr_line' id='line_1_11' title="bbox 1074 1801 4142 1905; baseline -0.002 -23"><span class='ocrx_word' id='word_1_87' title='bbox 1074 1814 1269 1884; x_wconf 87' lang='lat' dir='ltr'><strong>vecta</strong></span> <span class='ocrx_word' id='word_1_88' title='bbox 1306 1816 1537 1883; x_wconf 88' lang='lat' dir='ltr'><strong>aetate</strong></span> <span class='ocrx_word' id='word_1_89' title='bbox 1556 1866 1577 1897; x_wconf 93' lang='lat'><strong>,</strong></span> <span class='ocrx_word' id='word_1_90' title='bbox 1624 1806 1745 1880; x_wconf 90' lang='lat' dir='ltr'><strong>illa</strong></span> <span class='ocrx_word' id='word_1_91' title='bbox 1794 1830 1935 1905; x_wconf 91' lang='lat' dir='ltr'><strong>qua</strong></span> <span class='ocrx_word' id='word_1_92' title='bbox 1978 1814 2167 1895; x_wconf 90' lang='lat' dir='ltr'><strong>erat,</strong></span> <span class='ocrx_word' id='word_1_93' title='bbox 2232 1804 2450 1881; x_wconf 89' lang='lat' dir='ltr'><strong>animi</strong></span> <span class='ocrx_word' id='word_1_94' title='bbox 2505 1804 2898 1879; x_wconf 82' lang='lat' dir='ltr'><strong>sinceritate</strong></span> <span class='ocrx_word' id='word_1_95' title='bbox 2921 1862 2942 1893; x_wconf 88' lang='lat'><strong>,</strong></span> <span class='ocrx_word' id='word_1_96' title='bbox 3011 1806 3308 1881; x_wconf 76' lang='lat' dir='ltr'><strong>candore</strong></span> <span class='ocrx_word' id='word_1_97' title='bbox 3331 1862 3352 1893; x_wconf 88' lang='lat'><strong>,</strong></span> <span class='ocrx_word' id='word_1_98' title='bbox 3419 1801 3795 1890; x_wconf 82' lang='lat' dir='ltr'><strong>modestia,</strong></span> <span class='ocrx_word' id='word_1_99' title='bbox 3863 1824 4142 1877; x_wconf 80' lang='lat' dir='ltr'><strong>narrare</strong></span> 
     </span>
     <span class='ocr_line' id='line_1_12' title="bbox 1076 1920 4140 2037; baseline -0.003 -33"><span class='ocrx_word' id='word_1_100' title='bbox 1076 1930 1362 2037; x_wconf 85' lang='lat' dir='ltr'><strong>solebat.</strong></span> <span class='ocrx_word' id='word_1_101' title='bbox 1462 1928 1847 2026; x_wconf 88' lang='lat' dir='ltr'><strong>Postquam</strong></span> <span class='ocrx_word' id='word_1_102' title='bbox 1906 1950 2065 2001; x_wconf 90' lang='lat' dir='ltr'><strong>vero</strong></span> <span class='ocrx_word' id='word_1_103' title='bbox 2122 1950 2283 2000; x_wconf 92' lang='lat' dir='ltr'><strong>cum</strong></span> <span class='ocrx_word' id='word_1_104' title='bbox 2342 1924 2752 2027; x_wconf 87' lang='lat' dir='ltr'><strong>parentibus</strong></span> <span class='ocrx_word' id='word_1_105' title='bbox 2799 1926 2876 1999; x_wconf 93' lang='lat' dir='ltr'><strong>in</strong></span> <span class='ocrx_word' id='word_1_106' title='bbox 2923 1925 3104 2001; x_wconf 87' lang='lat' dir='ltr'><strong>hanc</strong></span> <span class='ocrx_word' id='word_1_107' title='bbox 3159 1924 3404 2003; x_wconf 90' lang='lat' dir='ltr'><strong>urbem</strong></span> <span class='ocrx_word' id='word_1_108' title='bbox 3447 1922 3796 2022; x_wconf 82' lang='lat' dir='ltr'><strong>profectus</strong></span> <span class='ocrx_word' id='word_1_109' title='bbox 3835 1920 4140 1997; x_wconf 85' lang='lat' dir='ltr'><strong>civibus-</strong></span> 
     </span>
    </p>
   </div>
   <div class='ocr_carea' id='block_1_4' title="bbox 904 2040 4142 2177">
    <p class='ocr_par' dir='ltr' id='par_1_5' title="bbox 904 2040 4142 2177">
     <span class='ocr_line' id='line_1_13' title="bbox 904 2040 4142 2177; baseline -0.003 -52"><span class='ocrx_word' id='word_1_110' title='bbox 904 2108 935 2125; x_wconf 29' lang='grc' dir='ltr'>χ</span> <span class='ocrx_word' id='word_1_111' title='bbox 1074 2075 1213 2149; x_wconf 92' lang='lat' dir='ltr'><strong>que</strong></span> <span class='ocrx_word' id='word_1_112' title='bbox 1256 2056 1533 2123; x_wconf 87' lang='lat' dir='ltr'><strong>nostrae</strong></span> <span class='ocrx_word' id='word_1_113' title='bbox 1574 2047 2032 2136; x_wconf 85' lang='lat' dir='ltr'><strong>Academiae,</strong></span> <span class='ocrx_word' id='word_1_114' title='bbox 2088 2046 2502 2145; x_wconf 83' lang='lat' dir='ltr'><strong>Theologiae</strong></span> <span class='ocrx_word' id='word_1_115' title='bbox 2547 2070 2830 2134; x_wconf 85' lang='lat' dir='ltr'><strong>caussa,</strong></span> <span class='ocrx_word' id='word_1_116' title='bbox 2880 2045 3273 2145; x_wconf 88' lang='lat' dir='ltr'><strong>adscriptus</strong></span> <span class='ocrx_word' id='word_1_117' title='bbox 3321 2052 3502 2133; x_wconf 90' lang='lat' dir='ltr'><strong>erat,</strong></span> <span class='ocrx_word' id='word_1_118' title='bbox 3554 2043 3835 2177; x_wconf 82' lang='lat' dir='ltr'><strong>penitus</strong></span> <span class='ocrx_word' id='word_1_119' title='bbox 3887 2040 4142 2117; x_wconf 87' lang='lat' dir='ltr'><strong>sentire</strong></span> 
     </span>
    </p>
   </div>
   <div class='ocr_carea' id='block_1_5' title="bbox 1072 2161 4152 3712">
    <p class='ocr_par' dir='ltr' id='par_1_6' title="bbox 1072 2161 4152 3712">
     <span class='ocr_line' id='line_1_14' title="bbox 1076 2161 4144 2269; baseline -0.003 -25"><span class='ocrx_word' id='word_1_120' title='bbox 1076 2170 1335 2269; x_wconf 88' lang='lat' dir='ltr'><strong>coepit,</strong></span> <span class='ocrx_word' id='word_1_121' title='bbox 1386 2168 1559 2268; x_wconf 92' lang='lat' dir='ltr'><strong>quid</strong></span> <span class='ocrx_word' id='word_1_122' title='bbox 1606 2167 1741 2241; x_wconf 89' lang='lat' dir='ltr'><strong>sibi</strong></span> <span class='ocrx_word' id='word_1_123' title='bbox 1795 2167 2107 2253; x_wconf 78' lang='lat' dir='ltr'><strong>deesset,</strong></span> <span class='ocrx_word' id='word_1_124' title='bbox 2158 2192 2238 2241; x_wconf 89' lang='lat' dir='ltr'><strong>ac</strong></span> <span class='ocrx_word' id='word_1_125' title='bbox 2286 2168 2493 2267; x_wconf 90' lang='lat' dir='ltr'><strong>pleno</strong></span> <span class='ocrx_word' id='word_1_126' title='bbox 2551 2174 2826 2265; x_wconf 89' lang='lat' dir='ltr'><strong>pectore</strong></span> <span class='ocrx_word' id='word_1_127' title='bbox 2867 2166 2942 2239; x_wconf 91' lang='lat' dir='ltr'><strong>in</strong></span> <span class='ocrx_word' id='word_1_128' title='bbox 2993 2166 3263 2254; x_wconf 85' lang='lat' dir='ltr'><strong>studia,</strong></span> <span class='ocrx_word' id='word_1_129' title='bbox 3313 2162 3618 2238; x_wconf 85' lang='lat' dir='ltr'><strong>maxime</strong></span> <span class='ocrx_word' id='word_1_130' title='bbox 3661 2163 3733 2235; x_wconf 91' lang='lat' dir='ltr'><strong>in</strong></span> <span class='ocrx_word' id='word_1_131' title='bbox 3779 2161 4144 2236; x_wconf 88' lang='lat' dir='ltr'><strong>Semiticas</strong></span> 
     </span>
     <span class='ocr_line' id='line_1_15' title="bbox 1075 2282 4142 2390; baseline -0.003 -26"><span class='ocrx_word' id='word_1_132' title='bbox 1075 2291 1387 2390; x_wconf 78' lang='lat' dir='ltr'><strong>linguaS,</strong></span> <span class='ocrx_word' id='word_1_133' title='bbox 1436 2287 1758 2363; x_wconf 88' lang='lat' dir='ltr'><strong>incubuit</strong></span> <span class='ocrx_word' id='word_1_134' title='bbox 1796 2286 2110 2385; x_wconf 90' lang='lat' dir='ltr'><strong>adeoque</strong></span> <span class='ocrx_word' id='word_1_135' title='bbox 2148 2286 2470 2388; x_wconf 85' lang='lat' dir='ltr'><strong>profecit,</strong></span> <span class='ocrx_word' id='word_1_136' title='bbox 2517 2296 2627 2374; x_wconf 93' lang='lat' dir='ltr'><strong>ut,</strong></span> <span class='ocrx_word' id='word_1_137' title='bbox 2671 2286 2937 2361; x_wconf 91' lang='lat' dir='ltr'><strong>nemini</strong></span> <span class='ocrx_word' id='word_1_138' title='bbox 2975 2286 3360 2373; x_wconf 76' lang='lat' dir='ltr'><strong>secunduS,</strong></span> <span class='ocrx_word' id='word_1_139' title='bbox 3411 2283 3696 2383; x_wconf 91' lang='lat' dir='ltr'><strong>optimis</strong></span> <span class='ocrx_word' id='word_1_140' title='bbox 3743 2306 3960 2357; x_wconf 76' lang='lat' dir='ltr'><strong>nAvn</strong></span> <span class='ocrx_word' id='word_1_141' title='bbox 4005 2282 4142 2355; x_wconf 84' lang='lat' dir='ltr'><strong>dis-</strong></span> 
     </span>
     <span class='ocr_line' id='line_1_16' title="bbox 1075 2398 4146 2509; baseline -0.003 -25"><span class='ocrx_word' id='word_1_142' title='bbox 1075 2410 1323 2509; x_wconf 87' lang='lat' dir='ltr'><strong>cipulis</strong></span> <span class='ocrx_word' id='word_1_143' title='bbox 1369 2414 1973 2495; x_wconf 85' lang='lat' dir='ltr'><strong>annumeraretur,</strong></span> <span class='ocrx_word' id='word_1_144' title='bbox 2025 2398 2155 2481; x_wconf 87' lang='lat' dir='ltr'><strong>hoc</strong></span> <span class='ocrx_word' id='word_1_145' title='bbox 2205 2415 2445 2481; x_wconf 88' lang='lat' dir='ltr'><strong>autem</strong></span> <span class='ocrx_word' id='word_1_146' title='bbox 2495 2406 2669 2481; x_wconf 87' lang='lat' dir='ltr'><strong>rude</strong></span> <span class='ocrx_word' id='word_1_147' title='bbox 2723 2406 3018 2495; x_wconf 85' lang='lat' dir='ltr'><strong>donato,</strong></span> <span class='ocrx_word' id='word_1_148' title='bbox 3069 2405 3348 2503; x_wconf 88' lang='lat' dir='ltr'><strong>linguas</strong></span> <span class='ocrx_word' id='word_1_149' title='bbox 3403 2403 3794 2479; x_wconf 90' lang='lat' dir='ltr'><strong>Orientales</strong></span> <span class='ocrx_word' id='word_1_150' title='bbox 3847 2402 4146 2479; x_wconf 89' lang='lat' dir='ltr'><strong>docendi</strong></span> 
     </span>
     <span class='ocr_line' id='line_1_17' title="bbox 1073 2523 4144 2630; baseline -0.003 -25"><span class='ocrx_word' id='word_1_151' title='bbox 1073 2528 1495 2630; x_wconf 86' lang='lat' dir='ltr'><strong>provinciam</strong></span> <span class='ocrx_word' id='word_1_152' title='bbox 1537 2528 1611 2601; x_wconf 91' lang='lat' dir='ltr'><strong>in</strong></span> <span class='ocrx_word' id='word_1_153' title='bbox 1661 2552 1733 2601; x_wconf 89' lang='lat' dir='ltr'><strong>se</strong></span> <span class='ocrx_word' id='word_1_154' title='bbox 1778 2526 2191 2627; x_wconf 87' lang='lat' dir='ltr'><strong>susciperet,</strong></span> <span class='ocrx_word' id='word_1_155' title='bbox 2242 2526 2462 2603; x_wconf 90' lang='lat' dir='ltr'><strong>donec</strong></span> <span class='ocrx_word' id='word_1_156' title='bbox 2503 2528 2774 2601; x_wconf 86' lang='lat' dir='ltr'><strong>vacanti</strong></span> <span class='ocrx_word' id='word_1_157' title='bbox 2815 2526 3181 2601; x_wconf 89' lang='lat' dir='ltr'><strong>cathedrae</strong></span> <span class='ocrx_word' id='word_1_158' title='bbox 3225 2530 3672 2626; x_wconf 89' lang='lat' dir='ltr'><strong>prospectum</strong></span> <span class='ocrx_word' id='word_1_159' title='bbox 3711 2523 3912 2597; x_wconf 89' lang='lat' dir='ltr'><strong>foret.</strong></span> <span class='ocrx_word' id='word_1_160' title='bbox 3991 2524 4144 2597; x_wconf 88' lang='lat' dir='ltr'><strong>Iam</strong></span> 
     </span>
     <span class='ocr_line' id='line_1_18' title="bbox 1073 2644 4143 2735; baseline -0.002 -10"><span class='ocrx_word' id='word_1_161' title='bbox 1073 2660 1243 2725; x_wconf 90' lang='lat' dir='ltr'><strong>tunc</strong></span> <span class='ocrx_word' id='word_1_162' title='bbox 1290 2648 1575 2724; x_wconf 86' lang='lat' dir='ltr'><strong>forsitan</strong></span> <span class='ocrx_word' id='word_1_163' title='bbox 1620 2647 1697 2721; x_wconf 90' lang='lat' dir='ltr'><strong>in</strong></span> <span class='ocrx_word' id='word_1_164' title='bbox 1742 2646 2141 2721; x_wconf 85' lang='lat' dir='ltr'><strong>cathedram</strong></span> <span class='ocrx_word' id='word_1_165' title='bbox 2186 2654 2513 2725; x_wconf 87' lang='lat' dir='ltr'><strong>evocatus</strong></span> <span class='ocrx_word' id='word_1_166' title='bbox 2557 2647 2844 2735; x_wconf 81' lang='lat' dir='ltr'><strong>fuisset,</strong></span> <span class='ocrx_word' id='word_1_167' title='bbox 2891 2646 3030 2721; x_wconf 89' lang='lat' dir='ltr'><strong>nisi</strong></span> <span class='ocrx_word' id='word_1_168' title='bbox 3081 2644 3465 2719; x_wconf 81' lang='lat' dir='ltr'><strong>obstitisset</strong></span> <span class='ocrx_word' id='word_1_169' title='bbox 3488 2703 3494 2711; x_wconf 64' lang='grc'>,</span> <span class='ocrx_word' id='word_1_170' title='bbox 3516 2644 3902 2719; x_wconf 87' lang='lat' dir='ltr'><strong>admodum</strong></span> <span class='ocrx_word' id='word_1_171' title='bbox 3953 2644 4143 2719; x_wconf 84' lang='lat' dir='ltr'><strong>iuve-</strong></span> 
     </span>
     <span class='ocr_line' id='line_1_19' title="bbox 1072 2744 4142 2857; baseline -0.002 -12"><span class='ocrx_word' id='word_1_172' title='bbox 1072 2770 1233 2845; x_wconf 89' lang='lat' dir='ltr'><strong>nilis</strong></span> <span class='ocrx_word' id='word_1_173' title='bbox 1275 2777 1484 2845; x_wconf 87' lang='lat' dir='ltr'><strong>aetas.</strong></span> <span class='ocrx_word' id='word_1_174' title='bbox 1585 2768 1693 2842; x_wconf 67' lang='lat' dir='ltr'><strong>Pa</strong></span> <span class='ocrx_word' id='word_1_175' title='bbox 1702 2790 1927 2841; x_wconf 67' lang='lat' dir='ltr'><strong>aavm</strong></span> <span class='ocrx_word' id='word_1_176' title='bbox 1972 2792 2133 2843; x_wconf 83' lang='lat' dir='ltr'><strong>vero</strong></span> <span class='ocrx_word' id='word_1_177' title='bbox 2178 2768 2572 2845; x_wconf 88' lang='lat' dir='ltr'><strong>Professore</strong></span> <span class='ocrx_word' id='word_1_178' title='bbox 2615 2769 3024 2844; x_wconf 88' lang='lat' dir='ltr'><strong>renunciato</strong></span> <span class='ocrx_word' id='word_1_179' title='bbox 3042 2825 3064 2857; x_wconf 89' lang='lat'><strong>,</strong></span> <span class='ocrx_word' id='word_1_180' title='bbox 3109 2766 3622 2841; x_wconf 70' lang='lat' dir='ltr'><strong>eaonunwoun</strong></span> <span class='ocrx_word' id='word_1_181' title='bbox 3671 2766 3748 2841; x_wconf 88' lang='lat' dir='ltr'><strong>iu</strong></span> <span class='ocrx_word' id='word_1_182' title='bbox 3798 2744 4142 2840; x_wconf 67' lang='lat' dir='ltr'><strong>commili-</strong></span> 
     </span>
     <span class='ocr_line' id='line_1_20' title="bbox 1072 2886 4148 2989; baseline -0.001 -24"><span class='ocrx_word' id='word_1_183' title='bbox 1072 2900 1317 2967; x_wconf 88' lang='lat' dir='ltr'><strong>tonum</strong></span> <span class='ocrx_word' id='word_1_184' title='bbox 1337 2948 1356 2980; x_wconf 90' lang='lat'>‚</span> <span class='ocrx_word' id='word_1_185' title='bbox 1408 2913 1709 2989; x_wconf 90' lang='lat' dir='ltr'><strong>quorum</strong></span> <span class='ocrx_word' id='word_1_186' title='bbox 1758 2888 1901 2961; x_wconf 88' lang='lat' dir='ltr'><strong>iam</strong></span> <span class='ocrx_word' id='word_1_187' title='bbox 1953 2887 2368 2989; x_wconf 88' lang='lat' dir='ltr'><strong>Praeceptor</strong></span> <span class='ocrx_word' id='word_1_188' title='bbox 2415 2890 2776 2965; x_wconf 82' lang='lat' dir='ltr'><strong>exstiterat</strong></span> <span class='ocrx_word' id='word_1_189' title='bbox 2793 2947 2816 2979; x_wconf 91' lang='lat'><strong>,</strong></span> <span class='ocrx_word' id='word_1_190' title='bbox 2863 2888 3181 2964; x_wconf 89' lang='lat' dir='ltr'><strong>ordinem</strong></span> <span class='ocrx_word' id='word_1_191' title='bbox 3217 2887 3442 2963; x_wconf 87' lang='lat' dir='ltr'><strong>redire</strong></span> <span class='ocrx_word' id='word_1_192' title='bbox 3469 2888 3760 2963; x_wconf 90' lang='lat' dir='ltr'><strong>minime</strong></span> <span class='ocrx_word' id='word_1_193' title='bbox 3803 2886 4148 2987; x_wconf 80' lang='lat' dir='ltr'><strong>dedigna-</strong></span> 
     </span>
     <span class='ocr_line' id='line_1_21' title="bbox 1074 3007 4152 3110; baseline -0.001 -24"><span class='ocrx_word' id='word_1_194' title='bbox 1074 3022 1193 3086; x_wconf 89' lang='lat' dir='ltr'><strong>tus</strong></span> <span class='ocrx_word' id='word_1_195' title='bbox 1240 3018 1368 3086; x_wconf 90' lang='lat' dir='ltr'><strong>est.</strong></span> <span class='ocrx_word' id='word_1_196' title='bbox 1471 3009 1713 3084; x_wconf 87' lang='lat' dir='ltr'><strong>Stadio</strong></span> <span class='ocrx_word' id='word_1_197' title='bbox 1764 3007 2183 3083; x_wconf 89' lang='lat' dir='ltr'><strong>Academico</strong></span> <span class='ocrx_word' id='word_1_198' title='bbox 2239 3008 2531 3084; x_wconf 86' lang='lat' dir='ltr'><strong>feliciter</strong></span> <span class='ocrx_word' id='word_1_199' title='bbox 2583 3010 2874 3086; x_wconf 84' lang='lat' dir='ltr'><strong>decurso</strong></span> <span class='ocrx_word' id='word_1_200' title='bbox 2895 3070 2916 3101; x_wconf 94' lang='lat'><strong>,</strong></span> <span class='ocrx_word' id='word_1_201' title='bbox 2975 3010 3194 3110; x_wconf 87' lang='lat' dir='ltr'><strong>patris</strong></span> <span class='ocrx_word' id='word_1_202' title='bbox 3241 3008 3552 3108; x_wconf 78' lang='lat' dir='ltr'><strong>vestigiis</strong></span> <span class='ocrx_word' id='word_1_203' title='bbox 3601 3008 3932 3084; x_wconf 76' lang='lat' dir='ltr'><strong>insistens</strong></span> <span class='ocrx_word' id='word_1_204' title='bbox 3951 3067 3974 3097; x_wconf 93' lang='lat'><strong>,</strong></span> <span class='ocrx_word' id='word_1_205' title='bbox 4022 3031 4152 3107; x_wconf 87' lang='lat' dir='ltr'><strong>per</strong></span> 
     </span>
     <span class='ocr_line' id='line_1_22' title="bbox 1078 3127 4150 3230; baseline 0.001 -26"><span class='ocrx_word' id='word_1_206' title='bbox 1078 3138 1378 3230; x_wconf 90' lang='lat' dir='ltr'><strong>quatuor</strong></span> <span class='ocrx_word' id='word_1_207' title='bbox 1422 3153 1642 3203; x_wconf 89' lang='lat' dir='ltr'><strong>annos</strong></span> <span class='ocrx_word' id='word_1_208' title='bbox 1663 3186 1685 3218; x_wconf 89' lang='lat'><strong>,</strong></span> <span class='ocrx_word' id='word_1_209' title='bbox 1749 3127 2169 3204; x_wconf 87' lang='lat' dir='ltr'><strong>fidissimum</strong></span> <span class='ocrx_word' id='word_1_210' title='bbox 2230 3136 2474 3204; x_wconf 87' lang='lat' dir='ltr'><strong>coetus</strong></span> <span class='ocrx_word' id='word_1_211' title='bbox 2531 3131 2780 3206; x_wconf 88' lang='lat' dir='ltr'><strong>ruralis</strong></span> <span class='ocrx_word' id='word_1_212' title='bbox 2840 3131 3202 3206; x_wconf 84' lang='lat' dir='ltr'><strong>Pastorem</strong></span> <span class='ocrx_word' id='word_1_213' title='bbox 3257 3155 3333 3206; x_wconf 88' lang='lat' dir='ltr'><strong>se</strong></span> <span class='ocrx_word' id='word_1_214' title='bbox 3379 3130 3724 3230; x_wconf 77' lang='lat' dir='ltr'><strong>praestitit</strong></span> <span class='ocrx_word' id='word_1_215' title='bbox 3752 3133 3846 3223; x_wconf 58' lang='grc' dir='ltr'><strong>Β).</strong></span> <span class='ocrx_word' id='word_1_216' title='bbox 3943 3129 4150 3206; x_wconf 78' lang='lat' dir='ltr'><strong>Tunc</strong></span> 
     </span>
     <span class='ocr_line' id='line_1_23' title="bbox 1078 3249 4150 3349; baseline 0 -24"><span class='ocrx_word' id='word_1_217' title='bbox 1078 3275 1245 3326; x_wconf 81' lang='lat' dir='ltr'><strong>vero</strong></span> <span class='ocrx_word' id='word_1_218' title='bbox 1316 3249 1461 3338; x_wconf 90' lang='lat' dir='ltr'><strong>illi,</strong></span> <span class='ocrx_word' id='word_1_219' title='bbox 1540 3249 1960 3324; x_wconf 89' lang='lat' dir='ltr'><strong>Litterarum</strong></span> <span class='ocrx_word' id='word_1_220' title='bbox 2031 3249 2496 3326; x_wconf 86' lang='lat' dir='ltr'><strong>Orientalium</strong></span> <span class='ocrx_word' id='word_1_221' title='bbox 2575 3249 2956 3326; x_wconf 84' lang='lat' dir='ltr'><strong>Professori</strong></span> <span class='ocrx_word' id='word_1_222' title='bbox 3027 3251 3102 3326; x_wconf 88' lang='lat' dir='ltr'><strong>in</strong></span> <span class='ocrx_word' id='word_1_223' title='bbox 3173 3251 3538 3327; x_wconf 84' lang='lat' dir='ltr'><strong>Athenaeo</strong></span> <span class='ocrx_word' id='word_1_224' title='bbox 3606 3252 4150 3349; x_wconf 74' lang='lat' dir='ltr'><strong>Franequerano</strong></span> 
     </span>
     <span class='ocr_line' id='line_1_24' title="bbox 1076 3369 4148 3474; baseline -0.001 -27"><span class='ocrx_word' id='word_1_225' title='bbox 1076 3378 1339 3460; x_wconf 87' lang='lat' dir='ltr'><strong>creato,</strong></span> <span class='ocrx_word' id='word_1_226' title='bbox 1390 3377 1534 3445; x_wconf 85' lang='lat' dir='ltr'><strong>tam</strong></span> <span class='ocrx_word' id='word_1_227' title='bbox 1580 3369 1762 3444; x_wconf 90' lang='lat' dir='ltr'><strong>felici</strong></span> <span class='ocrx_word' id='word_1_228' title='bbox 1802 3394 1955 3445; x_wconf 90' lang='lat' dir='ltr'><strong>esse</strong></span> <span class='ocrx_word' id='word_1_229' title='bbox 1996 3369 2321 3470; x_wconf 86' lang='lat' dir='ltr'><strong>contigit,</strong></span> <span class='ocrx_word' id='word_1_230' title='bbox 2373 3379 2456 3446; x_wconf 89' lang='lat' dir='ltr'><strong>ut</strong></span> <span class='ocrx_word' id='word_1_231' title='bbox 2495 3372 2572 3446; x_wconf 90' lang='lat' dir='ltr'><strong>in</strong></span> <span class='ocrx_word' id='word_1_232' title='bbox 2614 3371 2732 3448; x_wconf 86' lang='lat' dir='ltr'><strong>illa</strong></span> <span class='ocrx_word' id='word_1_233' title='bbox 2779 3372 3300 3474; x_wconf 85' lang='lat' dir='ltr'><strong>disciplinarum</strong></span> <span class='ocrx_word' id='word_1_234' title='bbox 3344 3370 3731 3471; x_wconf 83' lang='lat' dir='ltr'><strong>provincia,</strong></span> <span class='ocrx_word' id='word_1_235' title='bbox 3781 3395 3966 3469; x_wconf 85' lang='lat' dir='ltr'><strong>quae</strong></span> <span class='ocrx_word' id='word_1_236' title='bbox 4009 3369 4148 3470; x_wconf 86' lang='lat' dir='ltr'><strong>ipsi</strong></span> 
     </span>
     <span class='ocr_line' id='line_1_25' title="bbox 1080 3481 4148 3592; baseline 0 -26"><span class='ocrx_word' id='word_1_237' title='bbox 1080 3515 1351 3592; x_wconf 84' lang='lat' dir='ltr'><strong>semper</strong></span> <span class='ocrx_word' id='word_1_238' title='bbox 1414 3490 1488 3564; x_wconf 91' lang='lat' dir='ltr'><strong>in</strong></span> <span class='ocrx_word' id='word_1_239' title='bbox 1554 3481 1820 3565; x_wconf 81' lang='lat' dir='ltr'><strong>deliciis</strong></span> <span class='ocrx_word' id='word_1_240' title='bbox 1884 3490 2149 3580; x_wconf 89' lang='lat' dir='ltr'><strong>fuerat,</strong></span> <span class='ocrx_word' id='word_1_241' title='bbox 2222 3498 2417 3567; x_wconf 89' lang='lat' dir='ltr'><strong>totus</strong></span> <span class='ocrx_word' id='word_1_242' title='bbox 2481 3517 2634 3568; x_wconf 84' lang='lat' dir='ltr'><strong>esse</strong></span> <span class='ocrx_word' id='word_1_243' title='bbox 2701 3501 2940 3592; x_wconf 83' lang='lat' dir='ltr'><strong>posset</strong></span> <span class='ocrx_word' id='word_1_244' title='bbox 3003 3519 3087 3568; x_wconf 91' lang='lat' dir='ltr'><strong>ac</strong></span> <span class='ocrx_word' id='word_1_245' title='bbox 3155 3492 3450 3580; x_wconf 77' lang='lat' dir='ltr'><strong>versari3</strong></span> <span class='ocrx_word' id='word_1_246' title='bbox 3523 3515 3666 3590; x_wconf 91' lang='lat' dir='ltr'><strong>quo</strong></span> <span class='ocrx_word' id='word_1_247' title='bbox 3731 3490 4148 3590; x_wconf 77' lang='lat' dir='ltr'><strong>gravissimo</strong></span> 
     </span>
     <span class='ocr_line' id='line_1_26' title="bbox 1080 3611 4150 3712; baseline 0 -26"><span class='ocrx_word' id='word_1_248' title='bbox 1080 3635 1408 3700; x_wconf 88' lang='lat' dir='ltr'><strong>munere,</strong></span> <span class='ocrx_word' id='word_1_249' title='bbox 1456 3611 1745 3710; x_wconf 86' lang='lat' dir='ltr'><strong>posthac</strong></span> <span class='ocrx_word' id='word_1_250' title='bbox 1791 3611 1864 3685; x_wconf 91' lang='lat' dir='ltr'><strong>in</strong></span> <span class='ocrx_word' id='word_1_251' title='bbox 1916 3618 2226 3686; x_wconf 88' lang='lat' dir='ltr'><strong>nostram</strong></span> <span class='ocrx_word' id='word_1_252' title='bbox 2278 3612 2732 3688; x_wconf 87' lang='lat' dir='ltr'><strong>Academiam</strong></span> <span class='ocrx_word' id='word_1_253' title='bbox 2779 3621 3102 3702; x_wconf 85' lang='lat' dir='ltr'><strong>vocatus,</strong></span> <span class='ocrx_word' id='word_1_254' title='bbox 3167 3622 3238 3688; x_wconf 89' lang='lat' dir='ltr'><strong>et</strong></span> <span class='ocrx_word' id='word_1_255' title='bbox 3301 3613 3414 3688; x_wconf 85' lang='lat' dir='ltr'><strong>hio</strong></span> <span class='ocrx_word' id='word_1_256' title='bbox 3466 3637 3592 3712; x_wconf 88' lang='lat' dir='ltr'><strong>per</strong></span> <span class='ocrx_word' id='word_1_257' title='bbox 3641 3612 3958 3711; x_wconf 90' lang='lat' dir='ltr'><strong>quinque</strong></span> <span class='ocrx_word' id='word_1_258' title='bbox 4001 3613 4150 3687; x_wconf 86' lang='lat' dir='ltr'><strong>fere</strong></span> 
     </span>
    </p>
   </div>
   <div class='ocr_carea' id='block_1_6' title="bbox 974 3731 4150 3834">
    <p class='ocr_par' dir='ltr' id='par_1_7' title="bbox 974 3731 4150 3834">
     <span class='ocr_line' id='line_1_27' title="bbox 974 3731 4150 3834; baseline 0.001 -28"><span class='ocrx_word' id='word_1_259' title='bbox 974 3795 983 3821; x_wconf 72' lang='grc'><em>,</em></span> <span class='ocrx_word' id='word_1_260' title='bbox 1080 3733 1298 3806; x_wconf 87' lang='lat' dir='ltr'><strong>lustra</strong></span> <span class='ocrx_word' id='word_1_261' title='bbox 1364 3731 1648 3806; x_wconf 86' lang='lat' dir='ltr'><strong>functus</strong></span> <span class='ocrx_word' id='word_1_262' title='bbox 1712 3741 1839 3806; x_wconf 89' lang='lat' dir='ltr'><strong>est.</strong></span> <span class='ocrx_word' id='word_1_263' title='bbox 1956 3733 2146 3806; x_wconf 88' lang='lat' dir='ltr'><strong>Ante</strong></span> <span class='ocrx_word' id='word_1_264' title='bbox 2213 3733 2341 3806; x_wconf 87' lang='lat' dir='ltr'><strong>hos</strong></span> <span class='ocrx_word' id='word_1_265' title='bbox 2403 3733 2718 3834; x_wconf 89' lang='lat' dir='ltr'><strong>quinque</strong></span> <span class='ocrx_word' id='word_1_266' title='bbox 2787 3759 3006 3810; x_wconf 88' lang='lat' dir='ltr'><strong>annos</strong></span> <span class='ocrx_word' id='word_1_267' title='bbox 3065 3734 3242 3808; x_wconf 84' lang='lat' dir='ltr'><strong>rude</strong></span> <span class='ocrx_word' id='word_1_268' title='bbox 3311 3733 3614 3808; x_wconf 86' lang='lat' dir='ltr'><strong>donatus</strong></span> <span class='ocrx_word' id='word_1_269' title='bbox 3637 3791 3656 3821; x_wconf 92' lang='lat'><strong>,</strong></span> <span class='ocrx_word' id='word_1_270' title='bbox 3731 3731 4150 3808; x_wconf 78' lang='lat' dir='ltr'><strong>venerabilis</strong></span> 
     </span>
    </p>
   </div>
   <div class='ocr_carea' id='block_1_7' title="bbox 1082 3851 4222 4916">
    <p class='ocr_par' dir='ltr' id='par_1_8' title="bbox 1082 3851 4222 4916">
     <span class='ocr_line' id='line_1_28' title="bbox 1084 3851 4144 3954; baseline 0.001 -29"><span class='ocrx_word' id='word_1_271' title='bbox 1084 3875 1291 3926; x_wconf 84' lang='lat' dir='ltr'><strong>senex</strong></span> <span class='ocrx_word' id='word_1_272' title='bbox 1338 3873 1501 3925; x_wconf 88' lang='lat' dir='ltr'><strong>cum</strong></span> <span class='ocrx_word' id='word_1_273' title='bbox 1554 3851 2001 3926; x_wconf 83' lang='lat' dir='ltr'><strong>dilectissima</strong></span> <span class='ocrx_word' id='word_1_274' title='bbox 2046 3852 2343 3952; x_wconf 87' lang='lat' dir='ltr'><strong>coniuge</strong></span> <span class='ocrx_word' id='word_1_275' title='bbox 2385 3853 2475 3928; x_wconf 88' lang='lat' dir='ltr'><strong>ab</strong></span> <span class='ocrx_word' id='word_1_276' title='bbox 2520 3855 2650 3929; x_wconf 86' lang='lat' dir='ltr'><strong>hoc</strong></span> <span class='ocrx_word' id='word_1_277' title='bbox 2699 3855 2866 3929; x_wconf 90' lang='lat' dir='ltr'><strong>inde</strong></span> <span class='ocrx_word' id='word_1_278' title='bbox 2915 3861 3261 3954; x_wconf 88' lang='lat' dir='ltr'><strong>tempore,</strong></span> <span class='ocrx_word' id='word_1_279' title='bbox 3311 3852 3502 3928; x_wconf 89' lang='lat' dir='ltr'><strong>dulci</strong></span> <span class='ocrx_word' id='word_1_280' title='bbox 3547 3851 3916 3926; x_wconf 87' lang='lat' dir='ltr'><strong>fruebatur</strong></span> <span class='ocrx_word' id='word_1_281' title='bbox 3963 3851 4144 3942; x_wconf 79' lang='lat' dir='ltr'><strong>utic,</strong></span> 
     </span>
     <span class='ocr_line' id='line_1_29' title="bbox 1084 3969 4222 4073; baseline -0.001 -29"><span class='ocrx_word' id='word_1_282' title='bbox 1084 3971 1303 4045; x_wconf 85' lang='lat' dir='ltr'><strong>donec</strong></span> <span class='ocrx_word' id='word_1_283' title='bbox 1346 3970 1589 4044; x_wconf 88' lang='lat' dir='ltr'><strong>morbo</strong></span> <span class='ocrx_word' id='word_1_284' title='bbox 1631 3969 1820 4044; x_wconf 90' lang='lat' dir='ltr'><strong>lento</strong></span> <span class='ocrx_word' id='word_1_285' title='bbox 1865 3969 2226 4046; x_wconf 85' lang='lat' dir='ltr'><strong>tabescens</strong></span> <span class='ocrx_word' id='word_1_286' title='bbox 2276 3979 2348 4046; x_wconf 91' lang='lat' dir='ltr'><strong>et</strong></span> <span class='ocrx_word' id='word_1_287' title='bbox 2393 3973 2782 4062; x_wconf 86' lang='lat' dir='ltr'><strong>confectus,</strong></span> <span class='ocrx_word' id='word_1_288' title='bbox 2829 3997 3014 4049; x_wconf 88' lang='lat' dir='ltr'><strong>anno</strong></span> <span class='ocrx_word' id='word_1_289' title='bbox 3053 3973 3508 4073; x_wconf 85' lang='lat' dir='ltr'><strong>praecedente</strong></span> <span class='ocrx_word' id='word_1_290' title='bbox 3550 3971 3696 4046; x_wconf 86' lang='lat' dir='ltr'><strong>fere</strong></span> <span class='ocrx_word' id='word_1_291' title='bbox 3743 3971 4146 4062; x_wconf 76' lang='lat' dir='ltr'><strong>dimidiato,</strong></span> <span class='ocrx_word' id='word_1_292' title='bbox 4211 4025 4222 4042; x_wconf 89' lang='lat'><strong>.</strong></span> 
     </span>
     <span class='ocr_line' id='line_1_30' title="bbox 1082 4090 4148 4193; baseline 0.001 -27"><span class='ocrx_word' id='word_1_293' title='bbox 1082 4091 1355 4192; x_wconf 88' lang='lat' dir='ltr'><strong>placide</strong></span> <span class='ocrx_word' id='word_1_294' title='bbox 1415 4115 1495 4164; x_wconf 89' lang='lat' dir='ltr'><strong>ac</strong></span> <span class='ocrx_word' id='word_1_295' title='bbox 1560 4090 1929 4188; x_wconf 87' lang='lat' dir='ltr'><strong>tranquille</strong></span> <span class='ocrx_word' id='word_1_296' title='bbox 1995 4092 2147 4166; x_wconf 85' lang='lat' dir='ltr'><strong>Deo</strong></span> <span class='ocrx_word' id='word_1_297' title='bbox 2204 4091 2524 4168; x_wconf 87' lang='lat' dir='ltr'><strong>animum</strong></span> <span class='ocrx_word' id='word_1_298' title='bbox 2581 4095 2902 4170; x_wconf 86' lang='lat' dir='ltr'><strong>redderet</strong></span> <span class='ocrx_word' id='word_1_299' title='bbox 2927 4095 3020 4187; x_wconf 80' lang='lat'><strong>⁸).</strong></span> <span class='ocrx_word' id='word_1_300' title='bbox 3119 4093 3404 4168; x_wconf 87' lang='lat' dir='ltr'><strong>Praeter</strong></span> <span class='ocrx_word' id='word_1_301' title='bbox 3465 4093 3811 4168; x_wconf 83' lang='lat' dir='ltr'><strong>orationes</strong></span> <span class='ocrx_word' id='word_1_302' title='bbox 3861 4092 4148 4193; x_wconf 80' lang='lat' dir='ltr'><strong>publice</strong></span> 
     </span>
     <span class='ocr_line' id='line_1_31' title="bbox 1084 4210 4144 4310; baseline 0.002 -26"><span class='ocrx_word' id='word_1_303' title='bbox 1084 4210 1305 4286; x_wconf 87' lang='lat' dir='ltr'><strong>dictas</strong></span> <span class='ocrx_word' id='word_1_304' title='bbox 1333 4211 1396 4302; x_wconf 83' lang='lat'><strong>⁴)</strong></span> <span class='ocrx_word' id='word_1_305' title='bbox 1454 4217 1527 4284; x_wconf 89' lang='lat' dir='ltr'><strong>et</strong></span> <span class='ocrx_word' id='word_1_306' title='bbox 1568 4210 2014 4310; x_wconf 88' lang='lat' dir='ltr'><strong>compendia,</strong></span> <span class='ocrx_word' id='word_1_307' title='bbox 2083 4236 2298 4310; x_wconf 89' lang='lat' dir='ltr'><strong>quae,</strong></span> <span class='ocrx_word' id='word_1_308' title='bbox 2364 4213 2440 4287; x_wconf 89' lang='lat' dir='ltr'><strong>in</strong></span> <span class='ocrx_word' id='word_1_309' title='bbox 2499 4213 3077 4290; x_wconf 88' lang='lat' dir='ltr'><strong>Academicarum</strong></span> <span class='ocrx_word' id='word_1_310' title='bbox 3119 4237 3406 4288; x_wconf 84' lang='lat' dir='ltr'><strong>suarum</strong></span> <span class='ocrx_word' id='word_1_311' title='bbox 3463 4213 3840 4289; x_wconf 83' lang='lat' dir='ltr'><strong>lectionum</strong></span> <span class='ocrx_word' id='word_1_312' title='bbox 3891 4237 4144 4302; x_wconf 83' lang='lat' dir='ltr'><strong>usum,</strong></span> 
     </span>
     <span class='ocr_line' id='line_1_32' title="bbox 1082 4331 4144 4432; baseline 0.001 -24"><span class='ocrx_word' id='word_1_313' title='bbox 1082 4331 1488 4431; x_wconf 85' lang='lat' dir='ltr'><strong>conscripsit</strong></span> <span class='ocrx_word' id='word_1_314' title='bbox 1554 4339 1628 4406; x_wconf 91' lang='lat' dir='ltr'><strong>et</strong></span> <span class='ocrx_word' id='word_1_315' title='bbox 1690 4331 1947 4421; x_wconf 87' lang='lat' dir='ltr'><strong>edidit,</strong></span> <span class='ocrx_word' id='word_1_316' title='bbox 2000 4355 2623 4408; x_wconf 72' lang='lat' dir='ltr'><strong>saonnnwoumus</strong></span> <span class='ocrx_word' id='word_1_317' title='bbox 2671 4333 2814 4408; x_wconf 87' lang='lat' dir='ltr'><strong>fere</strong></span> <span class='ocrx_word' id='word_1_318' title='bbox 2859 4335 3066 4422; x_wconf 88' lang='lat' dir='ltr'><strong>nihil,</strong></span> <span class='ocrx_word' id='word_1_319' title='bbox 3121 4332 3314 4432; x_wconf 88' lang='lat' dir='ltr'><strong>quod</strong></span> <span class='ocrx_word' id='word_1_320' title='bbox 3355 4333 3740 4410; x_wconf 80' lang='lat' dir='ltr'><strong>admodum</strong></span> <span class='ocrx_word' id='word_1_321' title='bbox 3787 4333 4144 4422; x_wconf 80' lang='lat' dir='ltr'><strong>dolemus,</strong></span> 
     </span>
     <span class='ocr_line' id='line_1_33' title="bbox 1086 4451 4148 4554; baseline 0 -24"><span class='ocrx_word' id='word_1_322' title='bbox 1086 4454 1343 4553; x_wconf 85' lang='lat' dir='ltr'><strong>scripto</strong></span> <span class='ocrx_word' id='word_1_323' title='bbox 1403 4451 1719 4550; x_wconf 86' lang='lat' dir='ltr'><strong>reliquit,</strong></span> <span class='ocrx_word' id='word_1_324' title='bbox 1792 4453 1902 4527; x_wconf 86' lang='lat' dir='ltr'><strong>vel</strong></span> <span class='ocrx_word' id='word_1_325' title='bbox 1960 4452 2205 4530; x_wconf 83' lang='lat' dir='ltr'><strong>saltem</strong></span> <span class='ocrx_word' id='word_1_326' title='bbox 2261 4452 2529 4553; x_wconf 88' lang='lat' dir='ltr'><strong>publici</strong></span> <span class='ocrx_word' id='word_1_327' title='bbox 2583 4454 2754 4529; x_wconf 85' lang='lat' dir='ltr'><strong>iuris</strong></span> <span class='ocrx_word' id='word_1_328' title='bbox 2803 4453 2986 4530; x_wconf 81' lang='lat' dir='ltr'><strong>fecit.</strong></span> <span class='ocrx_word' id='word_1_329' title='bbox 3087 4453 3165 4528; x_wconf 89' lang='lat' dir='ltr'><strong>Si</strong></span> <span class='ocrx_word' id='word_1_330' title='bbox 3201 4452 3398 4528; x_wconf 16' lang='lat' dir='ltr'><strong>&#39;forte</strong></span> <span class='ocrx_word' id='word_1_331' title='bbox 3441 4453 3602 4553; x_wconf 91' lang='lat' dir='ltr'><strong>quis</strong></span> <span class='ocrx_word' id='word_1_332' title='bbox 3653 4455 3932 4554; x_wconf 81' lang='lat' dir='ltr'><strong>quaerit</strong></span> <span class='ocrx_word' id='word_1_333' title='bbox 3949 4513 3970 4544; x_wconf 94' lang='lat'><strong>,</strong></span> <span class='ocrx_word' id='word_1_334' title='bbox 4017 4478 4148 4530; x_wconf 88' lang='lat' dir='ltr'><strong>cur</strong></span> 
     </span>
     <span class='ocr_line' id='line_1_34' title="bbox 1086 4571 4149 4674; baseline 0.001 -28"><span class='ocrx_word' id='word_1_335' title='bbox 1086 4573 1189 4648; x_wconf 83' lang='lat' dir='ltr'><strong>vir</strong></span> <span class='ocrx_word' id='word_1_336' title='bbox 1254 4573 1500 4648; x_wconf 77' lang='lat' dir='ltr'><strong>doetus</strong></span> <span class='ocrx_word' id='word_1_337' title='bbox 1556 4572 1631 4646; x_wconf 87' lang='lat' dir='ltr'><strong>in</strong></span> <span class='ocrx_word' id='word_1_338' title='bbox 1696 4571 1969 4647; x_wconf 88' lang='lat' dir='ltr'><strong>edendo</strong></span> <span class='ocrx_word' id='word_1_339' title='bbox 2030 4580 2177 4648; x_wconf 87' lang='lat' dir='ltr'><strong>tam</strong></span> <span class='ocrx_word' id='word_1_340' title='bbox 2244 4597 2495 4674; x_wconf 80' lang='lat' dir='ltr'><strong>parcus</strong></span> <span class='ocrx_word' id='word_1_341' title='bbox 2557 4599 2640 4650; x_wconf 82' lang='lat' dir='ltr'><strong>ac</strong></span> <span class='ocrx_word' id='word_1_342' title='bbox 2713 4573 2987 4650; x_wconf 77' lang='lat' dir='ltr'><strong>sobrius</strong></span> <span class='ocrx_word' id='word_1_343' title='bbox 3054 4573 3266 4650; x_wconf 75' lang='lat' dir='ltr'><strong>fuerit</strong></span> <span class='ocrx_word' id='word_1_344' title='bbox 3285 4631 3308 4663; x_wconf 90' lang='lat'><strong>,</strong></span> <span class='ocrx_word' id='word_1_345' title='bbox 3347 4574 3745 4674; x_wconf 75' lang='lat' dir='ltr'><strong>-eingulnris</strong></span> <span class='ocrx_word' id='word_1_346' title='bbox 3809 4582 3884 4650; x_wconf 90' lang='lat' dir='ltr'><strong>et</strong></span> <span class='ocrx_word' id='word_1_347' title='bbox 3949 4573 4149 4650; x_wconf 76' lang='lat' dir='ltr'><strong>haud</strong></span> 
     </span>
     <span class='ocr_line' id='line_1_35' title="bbox 1083 4691 4146 4795; baseline 0.001 -28"><span class='ocrx_word' id='word_1_348' title='bbox 1083 4693 1315 4768; x_wconf 78' lang='lat' dir='ltr'><strong>fucata</strong></span> <span class='ocrx_word' id='word_1_349' title='bbox 1327 4745 1351 4786; x_wconf 90' lang='lat'><strong>,</strong></span> <span class='ocrx_word' id='word_1_350' title='bbox 1400 4717 1581 4791; x_wconf 88' lang='lat' dir='ltr'><strong>quae</strong></span> <span class='ocrx_word' id='word_1_351' title='bbox 1628 4691 1735 4767; x_wconf 89' lang='lat' dir='ltr'><strong>illi</strong></span> <span class='ocrx_word' id='word_1_352' title='bbox 1777 4691 2032 4782; x_wconf 87' lang='lat' dir='ltr'><strong>inerat,</strong></span> <span class='ocrx_word' id='word_1_353' title='bbox 2088 4693 2434 4770; x_wconf 88' lang='lat' dir='ltr'><strong>modestia</strong></span> <span class='ocrx_word' id='word_1_354' title='bbox 2493 4694 2685 4770; x_wconf 81' lang='lat' dir='ltr'><strong>haud</strong></span> <span class='ocrx_word' id='word_1_355' title='bbox 2721 4693 2958 4770; x_wconf 80' lang='lat' dir='ltr'><strong>dubie</strong></span> <span class='ocrx_word' id='word_1_356' title='bbox 2985 4695 3376 4795; x_wconf 72' lang='lat' dir='ltr'><strong>,praecipua</strong></span> <span class='ocrx_word' id='word_1_357' title='bbox 3431 4717 3680 4772; x_wconf 83' lang='lat' dir='ltr'><strong>caussa</strong></span> <span class='ocrx_word' id='word_1_358' title='bbox 3733 4702 3848 4770; x_wconf 81' lang='lat' dir='ltr'><strong>est</strong></span> <span class='ocrx_word' id='word_1_359' title='bbox 3901 4693 4146 4770; x_wconf 78' lang='lat' dir='ltr'><strong>existi·</strong></span> 
     </span>
     <span class='ocr_line' id='line_1_36' title="bbox 1087 4813 4144 4916; baseline 0.001 -28"><span class='ocrx_word' id='word_1_360' title='bbox 1087 4813 1345 4888; x_wconf 85' lang='lat' dir='ltr'><strong>manda</strong></span> <span class='ocrx_word' id='word_1_361' title='bbox 1364 4870 1385 4901; x_wconf 94' lang='lat'><strong>,</strong></span> <span class='ocrx_word' id='word_1_362' title='bbox 1434 4835 1615 4912; x_wconf 88' lang='lat' dir='ltr'><strong>quae</strong></span> <span class='ocrx_word' id='word_1_363' title='bbox 1630 4871 1651 4904; x_wconf 97' lang='lat'><strong>,</strong></span> <span class='ocrx_word' id='word_1_364' title='bbox 1684 4815 1865 4892; x_wconf 85' lang='lat' dir='ltr'><strong>-licet</strong></span> <span class='ocrx_word' id='word_1_365' title='bbox 1902 4813 2252 4916; x_wconf 87' lang='lat' dir='ltr'><strong>praeclara</strong></span> <span class='ocrx_word' id='word_1_366' title='bbox 2306 4815 2400 4890; x_wconf 84' lang='lat' dir='ltr'><strong>sit</strong></span> <span class='ocrx_word' id='word_1_367' title='bbox 2455 4816 2708 4910; x_wconf 81' lang='lat' dir='ltr'><strong>virtus,</strong></span> <span class='ocrx_word' id='word_1_368' title='bbox 2772 4815 2890 4892; x_wconf 80' lang='lat' dir='ltr'><strong>hic</strong></span> <span class='ocrx_word' id='word_1_369' title='bbox 2951 4823 3186 4893; x_wconf 80' lang='lat' dir='ltr'><strong>tamen</strong></span> <span class='ocrx_word' id='word_1_370' title='bbox 3247 4815 3576 4892; x_wconf 70' lang='lat' dir='ltr'><strong>scientiae</strong></span> <span class='ocrx_word' id='word_1_371' title='bbox 3643 4815 3786 4892; x_wconf 79' lang='lat' dir='ltr'><strong>veri</strong></span> <span class='ocrx_word' id='word_1_372' title='bbox 3833 4813 4144 4892; x_wconf 80' lang='lat' dir='ltr'><strong>nominis</strong></span> 
     </span>
    </p>
   </div>
   <div class='ocr_carea' id='block_1_8' title="bbox 4585 838 4589 1935">
    <p class='ocr_par' dir='ltr' id='par_1_9' title="bbox 4585 838 4589 1935">
     <span class='ocr_line' id='line_1_37' title="bbox 4585 838 4589 1935; baseline 0 0"><span class='ocrx_word' id='word_1_373' title='bbox 4585 838 4589 1935; x_wconf 95' lang='lat' dir='ltr'><strong> </strong></span> 
     </span>
    </p>
   </div>
   <div class='ocr_carea' id='block_1_9' title="bbox 4586 5511 4587 6025">
    <p class='ocr_par' dir='ltr' id='par_1_10' title="bbox 4586 5511 4587 6025">
     <span class='ocr_line' id='line_1_38' title="bbox 4586 5511 4587 6025; baseline 0 0"><span class='ocrx_word' id='word_1_374' title='bbox 4586 5511 4587 6025; x_wconf 95' lang='lat' dir='ltr'><strong> </strong></span> 
     </span>
    </p>
   </div>
  </div>
 </body>
</html>
