<?xml version="1.0" encoding="UTF-8"?>
<!DOCTYPE html PUBLIC "-//W3C//DTD XHTML 1.0 Transitional//EN"
    "http://www.w3.org/TR/xhtml1/DTD/xhtml1-transitional.dtd">
<html xmlns="http://www.w3.org/1999/xhtml" xml:lang="en" lang="en">
 <head>
  <title>
</title>
<meta http-equiv="Content-Type" content="text/html;charset=utf-8" />
  <meta name='ocr-system' content='tesseract 3.04.00' />
  <meta name='ocr-capabilities' content='ocr_page ocr_carea ocr_par ocr_line ocrx_word'/>
</head>
<body>
  <div class='ocr_page' id='page_1' title='image "annalesacademic01confgoog_0054.png"; bbox 0 0 4730 6049; ppageno 0'>
   <div class='ocr_carea' id='block_1_1' title="bbox 976 612 2926 688">
    <p class='ocr_par' dir='ltr' id='par_1_1' title="bbox 976 612 2926 688">
     <span class='ocr_line' id='line_1_1' title="bbox 976 612 2926 688; baseline -0.003 0"><span class='ocrx_word' id='word_1_1' title='bbox 976 625 1067 688; x_wconf 84' lang='lat'>44</span> <span class='ocrx_word' id='word_1_2' title='bbox 2081 615 2134 682; x_wconf 89' lang='lat' dir='ltr'>I.</span> <span class='ocrx_word' id='word_1_3' title='bbox 2212 615 2284 683; x_wconf 88' lang='lat' dir='ltr'>E.</span> <span class='ocrx_word' id='word_1_4' title='bbox 2354 612 2926 682; x_wconf 75' lang='lat' dir='ltr'>Gounslul&#39;r</span> 
     </span>
    </p>
   </div>
   <div class='ocr_carea' id='block_1_2' title="bbox 980 819 4036 2099">
    <p class='ocr_par' dir='ltr' id='par_1_2' title="bbox 980 819 4032 1767">
     <span class='ocr_line' id='line_1_2' title="bbox 1080 819 4028 922; baseline 0 -20"><span class='ocrx_word' id='word_1_5' title='bbox 1080 826 1199 902; x_wconf 91' lang='lat' dir='ltr'>Ad</span> <span class='ocrx_word' id='word_1_6' title='bbox 1244 824 1423 900; x_wconf 89' lang='lat' dir='ltr'>hanc</span> <span class='ocrx_word' id='word_1_7' title='bbox 1480 819 1957 922; x_wconf 89' lang='lat' dir='ltr'>quaestionem</span> <span class='ocrx_word' id='word_1_8' title='bbox 2003 821 2454 922; x_wconf 88' lang='lat' dir='ltr'>respondere,</span> <span class='ocrx_word' id='word_1_9' title='bbox 2503 846 2588 896; x_wconf 89' lang='lat' dir='ltr'>eo</span> <span class='ocrx_word' id='word_1_10' title='bbox 2634 821 2870 898; x_wconf 90' lang='lat' dir='ltr'>minus</span> <span class='ocrx_word' id='word_1_11' title='bbox 2907 822 3084 898; x_wconf 91' lang='lat' dir='ltr'>mihi</span> <span class='ocrx_word' id='word_1_12' title='bbox 3127 821 3493 900; x_wconf 86' lang='lat' dir='ltr'>videbatur</span> <span class='ocrx_word' id='word_1_13' title='bbox 3537 824 3629 901; x_wconf 88' lang='lat' dir='ltr'>ab</span> <span class='ocrx_word' id='word_1_14' title='bbox 3681 826 3812 902; x_wconf 90' lang='lat' dir='ltr'>hoc</span> <span class='ocrx_word' id='word_1_15' title='bbox 3853 835 4028 903; x_wconf 89' lang='lat' dir='ltr'>tem-</span> 
     </span>
     <span class='ocr_line' id='line_1_3' title="bbox 980 939 4027 1048; baseline 0 -26"><span class='ocrx_word' id='word_1_16' title='bbox 980 971 1147 1048; x_wconf 85' lang='lat' dir='ltr'>pore</span> <span class='ocrx_word' id='word_1_17' title='bbox 1194 952 1267 1021; x_wconf 91' lang='lat' dir='ltr'>et</span> <span class='ocrx_word' id='word_1_18' title='bbox 1309 943 1460 1018; x_wconf 91' lang='lat' dir='ltr'>loco</span> <span class='ocrx_word' id='word_1_19' title='bbox 1498 965 1649 1016; x_wconf 89' lang='lat' dir='ltr'>esse</span> <span class='ocrx_word' id='word_1_20' title='bbox 1692 939 1995 1015; x_wconf 92' lang='lat' dir='ltr'>alienum</span> <span class='ocrx_word' id='word_1_21' title='bbox 2018 996 2039 1026; x_wconf 91' lang='lat'>‚</span> <span class='ocrx_word' id='word_1_22' title='bbox 2101 939 2292 1038; x_wconf 91' lang='lat' dir='ltr'>quod</span> <span class='ocrx_word' id='word_1_23' title='bbox 2333 941 2460 1040; x_wconf 92' lang='lat' dir='ltr'>qui</span> <span class='ocrx_word' id='word_1_24' title='bbox 2495 941 2676 1017; x_wconf 87' lang='lat' dir='ltr'>hanc</span> <span class='ocrx_word' id='word_1_25' title='bbox 2717 941 3174 1018; x_wconf 78' lang='lat' dir='ltr'><strong>Academiam</strong></span> <span class='ocrx_word' id='word_1_26' title='bbox 3214 950 3498 1033; x_wconf 87' lang='lat' dir='ltr'>curant,</span> <span class='ocrx_word' id='word_1_27' title='bbox 3558 944 3688 1020; x_wconf 87' lang='lat' dir='ltr'>viri</span> <span class='ocrx_word' id='word_1_28' title='bbox 3745 946 4027 1046; x_wconf 88' lang='lat' dir='ltr'>amplis-</span> 
     </span>
     <span class='ocr_line' id='line_1_4' title="bbox 984 1057 4030 1167; baseline -0.001 -23"><span class='ocrx_word' id='word_1_29' title='bbox 984 1066 1145 1144; x_wconf 85' lang='lat' dir='ltr'>simi</span> <span class='ocrx_word' id='word_1_30' title='bbox 1162 1124 1184 1154; x_wconf 88' lang='lat'>,</span> <span class='ocrx_word' id='word_1_31' title='bbox 1232 1069 1579 1162; x_wconf 86' lang='lat' dir='ltr'>quantum</span> <span class='ocrx_word' id='word_1_32' title='bbox 1627 1057 2181 1158; x_wconf 88' lang='lat' dir='ltr'>Iurisprudentia</span> <span class='ocrx_word' id='word_1_33' title='bbox 2226 1061 2545 1136; x_wconf 84' lang='lat' dir='ltr'>Romana</span> <span class='ocrx_word' id='word_1_34' title='bbox 2595 1059 2730 1136; x_wconf 91' lang='lat' dir='ltr'>sibi</span> <span class='ocrx_word' id='word_1_35' title='bbox 2780 1085 2986 1138; x_wconf 81' lang='lat' dir='ltr'>curae</span> <span class='ocrx_word' id='word_1_36' title='bbox 3031 1061 3360 1162; x_wconf 77' lang='lat' dir='ltr'>cordique</span> <span class='ocrx_word' id='word_1_37' title='bbox 3413 1062 3546 1154; x_wconf 90' lang='lat' dir='ltr'>sit,</span> <span class='ocrx_word' id='word_1_38' title='bbox 3595 1065 3806 1141; x_wconf 88' lang='lat' dir='ltr'>rebus</span> <span class='ocrx_word' id='word_1_39' title='bbox 3859 1067 4030 1167; x_wconf 87' lang='lat' dir='ltr'>ipsis</span> 
     </span>
     <span class='ocr_line' id='line_1_5' title="bbox 986 1180 4032 1285; baseline -0.001 -22"><span class='ocrx_word' id='word_1_40' title='bbox 986 1214 1065 1263; x_wconf 89' lang='lat' dir='ltr'>ac</span> <span class='ocrx_word' id='word_1_41' title='bbox 1125 1183 1324 1261; x_wconf 81' lang='lat' dir='ltr'>factis</span> <span class='ocrx_word' id='word_1_42' title='bbox 1389 1180 1864 1271; x_wconf 88' lang='lat' dir='ltr'>declararunt,</span> <span class='ocrx_word' id='word_1_43' title='bbox 1930 1203 2153 1277; x_wconf 91' lang='lat' dir='ltr'>quum</span> <span class='ocrx_word' id='word_1_44' title='bbox 2208 1181 2620 1256; x_wconf 86' lang='lat' dir='ltr'>auctoritate</span> <span class='ocrx_word' id='word_1_45' title='bbox 2679 1205 2807 1256; x_wconf 86' lang='lat' dir='ltr'>sua</span> <span class='ocrx_word' id='word_1_46' title='bbox 2857 1180 3235 1256; x_wconf 85' lang='lat' dir='ltr'>effecerunt</span> <span class='ocrx_word' id='word_1_47' title='bbox 3255 1240 3276 1271; x_wconf 93' lang='lat'>,</span> <span class='ocrx_word' id='word_1_48' title='bbox 3325 1187 3410 1256; x_wconf 89' lang='lat' dir='ltr'>ut</span> <span class='ocrx_word' id='word_1_49' title='bbox 3451 1183 3818 1285; x_wconf 88' lang='lat' dir='ltr'>utriusque</span> <span class='ocrx_word' id='word_1_50' title='bbox 3860 1186 4032 1260; x_wconf 87' lang='lat' dir='ltr'>iuris</span> 
     </span>
     <span class='ocr_line' id='line_1_6' title="bbox 984 1297 4031 1406; baseline 0 -25"><span class='ocrx_word' id='word_1_51' title='bbox 984 1305 1261 1406; x_wconf 90' lang='lat' dir='ltr'>publice</span> <span class='ocrx_word' id='word_1_52' title='bbox 1324 1298 1824 1400; x_wconf 87' lang='lat' dir='ltr'>interpretandi</span> <span class='ocrx_word' id='word_1_53' title='bbox 1890 1298 2241 1397; x_wconf 87' lang='lat' dir='ltr'>provincia</span> <span class='ocrx_word' id='word_1_54' title='bbox 2305 1297 2586 1384; x_wconf 88' lang='lat' dir='ltr'>duobus</span> <span class='ocrx_word' id='word_1_55' title='bbox 2604 1357 2625 1388; x_wconf 90' lang='lat'>,</span> <span class='ocrx_word' id='word_1_56' title='bbox 2690 1323 2990 1400; x_wconf 87' lang='lat' dir='ltr'>quorum</span> <span class='ocrx_word' id='word_1_57' title='bbox 3052 1300 3348 1400; x_wconf 87' lang='lat' dir='ltr'>quisque</span> <span class='ocrx_word' id='word_1_58' title='bbox 3413 1301 3488 1376; x_wconf 95' lang='lat' dir='ltr'>in</span> <span class='ocrx_word' id='word_1_59' title='bbox 3557 1328 3686 1380; x_wconf 90' lang='lat' dir='ltr'>sua</span> <span class='ocrx_word' id='word_1_60' title='bbox 3749 1305 4031 1406; x_wconf 73' lang='lat' dir='ltr'>regione</span> 
     </span>
     <span class='ocr_line' id='line_1_7' title="bbox 987 1419 4032 1524; baseline 0 -24"><span class='ocrx_word' id='word_1_61' title='bbox 987 1426 1165 1502; x_wconf 86' lang='lat' dir='ltr'>vitae</span> <span class='ocrx_word' id='word_1_62' title='bbox 1213 1419 1739 1500; x_wconf 89' lang='lat' dir='ltr'>tabernaculum</span> <span class='ocrx_word' id='word_1_63' title='bbox 1789 1425 2111 1518; x_wconf 91' lang='lat' dir='ltr'>poneret,</span> <span class='ocrx_word' id='word_1_64' title='bbox 2162 1419 2713 1494; x_wconf 82' lang='lat' dir='ltr'>committeretur</span> <span class='ocrx_word' id='word_1_65' title='bbox 2729 1478 2750 1508; x_wconf 91' lang='lat'>‚</span> <span class='ocrx_word' id='word_1_66' title='bbox 2799 1419 2975 1495; x_wconf 90' lang='lat' dir='ltr'>adeo</span> <span class='ocrx_word' id='word_1_67' title='bbox 3021 1429 3106 1494; x_wconf 92' lang='lat' dir='ltr'>ut</span> <span class='ocrx_word' id='word_1_68' title='bbox 3141 1444 3304 1496; x_wconf 89' lang='lat' dir='ltr'>cum</span> <span class='ocrx_word' id='word_1_69' title='bbox 3351 1445 3584 1498; x_wconf 91' lang='lat' dir='ltr'>meam</span> <span class='ocrx_word' id='word_1_70' title='bbox 3630 1423 4032 1524; x_wconf 89' lang='lat' dir='ltr'>disciplinae</span> 
     </span>
     <span class='ocr_line' id='line_1_8' title="bbox 984 1539 4032 1646; baseline -0.001 -25"><span class='ocrx_word' id='word_1_71' title='bbox 984 1553 1253 1646; x_wconf 89' lang='lat' dir='ltr'>partem</span> <span class='ocrx_word' id='word_1_72' title='bbox 1296 1539 1799 1618; x_wconf 81' lang='lat' dir='ltr'><strong>commendabo</strong></span> <span class='ocrx_word' id='word_1_73' title='bbox 1817 1597 1839 1627; x_wconf 89' lang='lat'>,</span> <span class='ocrx_word' id='word_1_74' title='bbox 1908 1562 2049 1613; x_wconf 89' lang='lat' dir='ltr'>non</span> <span class='ocrx_word' id='word_1_75' title='bbox 2094 1549 2239 1612; x_wconf 87' lang='lat' dir='ltr'>tam</span> <span class='ocrx_word' id='word_1_76' title='bbox 2288 1561 2516 1614; x_wconf 92' lang='lat' dir='ltr'>meam</span> <span class='ocrx_word' id='word_1_77' title='bbox 2555 1539 2706 1639; x_wconf 90' lang='lat' dir='ltr'>ipse</span> <span class='ocrx_word' id='word_1_78' title='bbox 2751 1539 3119 1616; x_wconf 85' lang='lat' dir='ltr'>stationem</span> <span class='ocrx_word' id='word_1_79' title='bbox 3167 1540 3490 1616; x_wconf 80' lang='lat' dir='ltr'>extollere</span> <span class='ocrx_word' id='word_1_80' title='bbox 3509 1599 3530 1630; x_wconf 92' lang='lat'>,</span> <span class='ocrx_word' id='word_1_81' title='bbox 3580 1567 3792 1641; x_wconf 89' lang='lat' dir='ltr'>quam</span> <span class='ocrx_word' id='word_1_82' title='bbox 3842 1543 4032 1642; x_wconf 92' lang='lat' dir='ltr'>quod</span> 
     </span>
     <span class='ocr_line' id='line_1_9' title="bbox 990 1657 3118 1767; baseline -0.003 -26"><span class='ocrx_word' id='word_1_83' title='bbox 990 1665 1197 1767; x_wconf 90' lang='lat' dir='ltr'>periti</span> <span class='ocrx_word' id='word_1_84' title='bbox 1244 1688 1326 1739; x_wconf 90' lang='lat' dir='ltr'>ea</span> <span class='ocrx_word' id='word_1_85' title='bbox 1377 1663 1467 1737; x_wconf 88' lang='lat' dir='ltr'>de</span> <span class='ocrx_word' id='word_1_86' title='bbox 1513 1686 1589 1736; x_wconf 90' lang='lat' dir='ltr'>re</span> <span class='ocrx_word' id='word_1_87' title='bbox 1640 1659 1951 1736; x_wconf 87' lang='lat' dir='ltr'>sentiunt</span> <span class='ocrx_word' id='word_1_88' title='bbox 1964 1717 1986 1747; x_wconf 96' lang='lat'>,</span> <span class='ocrx_word' id='word_1_89' title='bbox 2035 1682 2150 1733; x_wconf 90' lang='lat' dir='ltr'>me</span> <span class='ocrx_word' id='word_1_90' title='bbox 2196 1657 2581 1758; x_wconf 83' lang='lat' dir='ltr'>patefacere</span> <span class='ocrx_word' id='word_1_91' title='bbox 2629 1658 2846 1736; x_wconf 89' lang='lat' dir='ltr'>videri</span> <span class='ocrx_word' id='word_1_92' title='bbox 2893 1658 3118 1734; x_wconf 87' lang='lat' dir='ltr'>velim.</span> 
     </span>
    </p>

    <p class='ocr_par' dir='ltr' id='par_1_3' title="bbox 982 1777 4036 2099">
     <span class='ocr_line' id='line_1_10' title="bbox 1080 1777 4036 1884; baseline -0.002 -24"><span class='ocrx_word' id='word_1_93' title='bbox 1080 1781 1525 1884; x_wconf 85' lang='lat' dir='ltr'>Propositum</span> <span class='ocrx_word' id='word_1_94' title='bbox 1586 1779 1764 1856; x_wconf 88' lang='lat' dir='ltr'>mihi</span> <span class='ocrx_word' id='word_1_95' title='bbox 1820 1778 2040 1878; x_wconf 87' lang='lat' dir='ltr'>igitur</span> <span class='ocrx_word' id='word_1_96' title='bbox 2102 1784 2209 1852; x_wconf 87' lang='lat' dir='ltr'>est</span> <span class='ocrx_word' id='word_1_97' title='bbox 2226 1836 2247 1867; x_wconf 93' lang='lat'>,</span> <span class='ocrx_word' id='word_1_98' title='bbox 2319 1778 2448 1854; x_wconf 91' lang='lat' dir='ltr'>hac</span> <span class='ocrx_word' id='word_1_99' title='bbox 2511 1779 2776 1855; x_wconf 83' lang='lat' dir='ltr'>solenni</span> <span class='ocrx_word' id='word_1_100' title='bbox 2841 1778 3010 1854; x_wconf 88' lang='lat' dir='ltr'>hora</span> <span class='ocrx_word' id='word_1_101' title='bbox 3067 1777 3398 1854; x_wconf 77' lang='lat' dir='ltr'>disserere</span> <span class='ocrx_word' id='word_1_102' title='bbox 3446 1779 3536 1852; x_wconf 92' lang='lat' dir='ltr'>de</span> <span class='ocrx_word' id='word_1_103' title='bbox 3583 1782 3810 1855; x_wconf 76' lang='lat' dir='ltr'>studio</span> <span class='ocrx_word' id='word_1_104' title='bbox 3859 1783 4036 1855; x_wconf 63' lang='lat' dir='ltr'>imis</span> 
     </span>
     <span class='ocr_line' id='line_1_11' title="bbox 982 1897 4033 2003; baseline -0.002 -24"><span class='ocrx_word' id='word_1_105' title='bbox 982 1906 1285 1980; x_wconf 77' lang='lat' dir='ltr'>Romani</span> <span class='ocrx_word' id='word_1_106' title='bbox 1349 1904 1477 1976; x_wconf 74' lang='lat' dir='ltr'>hac</span> <span class='ocrx_word' id='word_1_107' title='bbox 1547 1925 1806 2003; x_wconf 80' lang='lat' dir='ltr'>quoque</span> <span class='ocrx_word' id='word_1_108' title='bbox 1870 1905 2100 1974; x_wconf 83' lang='lat' dir='ltr'>aetate</span> <span class='ocrx_word' id='word_1_109' title='bbox 2160 1900 2233 1972; x_wconf 80' lang='lat' dir='ltr'>in</span> <span class='ocrx_word' id='word_1_110' title='bbox 2286 1901 2534 1997; x_wconf 80' lang='lat' dir='ltr'>patria</span> <span class='ocrx_word' id='word_1_111' title='bbox 2589 1907 2826 1974; x_wconf 76' lang='lat' dir='ltr'>nostra</span> <span class='ocrx_word' id='word_1_112' title='bbox 2881 1898 3257 1974; x_wconf 64' lang='lat' dir='ltr'>excolendo.</span> <span class='ocrx_word' id='word_1_113' title='bbox 3355 1897 3724 1974; x_wconf 85' lang='lat' dir='ltr'>Benevolis</span> <span class='ocrx_word' id='word_1_114' title='bbox 3779 1923 4033 1998; x_wconf 82' lang='lat' dir='ltr'>quaeso</span> 
     </span>
     <span class='ocr_line' id='line_1_12' title="bbox 984 2015 2200 2099; baseline -0.007 0"><span class='ocrx_word' id='word_1_115' title='bbox 984 2022 1273 2099; x_wconf 89' lang='lat' dir='ltr'>auribus</span> <span class='ocrx_word' id='word_1_116' title='bbox 1320 2046 1435 2096; x_wconf 90' lang='lat' dir='ltr'>me</span> <span class='ocrx_word' id='word_1_117' title='bbox 1485 2020 1830 2095; x_wconf 84' lang='lat' dir='ltr'>dicentem</span> <span class='ocrx_word' id='word_1_118' title='bbox 1877 2015 2200 2093; x_wconf 89' lang='lat' dir='ltr'>audiatis.</span> 
     </span>
    </p>
   </div>
   <div class='ocr_carea' id='block_1_3' title="bbox 2298 2225 2726 2238">
    <p class='ocr_par' dir='ltr' id='par_1_4' title="bbox 2298 2225 2726 2238">
     <span class='ocr_line' id='line_1_13' title="bbox 2298 2225 2726 2238; baseline 0 0"><span class='ocrx_word' id='word_1_119' title='bbox 2298 2225 2726 2238; x_wconf 95' lang='lat' dir='ltr'> </span> 
     </span>
    </p>
   </div>
   <div class='ocr_carea' id='block_1_4' title="bbox 1082 2327 4028 2475">
    <p class='ocr_par' dir='ltr' id='par_1_5' title="bbox 1082 2327 4028 2475">
     <span class='ocr_line' id='line_1_14' title="bbox 1082 2327 4028 2475; baseline -0.001 -23"><span class='ocrx_word' id='word_1_120' title='bbox 1082 2379 1214 2452; x_wconf 88' lang='lat' dir='ltr'>Est</span> <span class='ocrx_word' id='word_1_121' title='bbox 1276 2373 1775 2474; x_wconf 87' lang='lat' dir='ltr'>interpretandi</span> <span class='ocrx_word' id='word_1_122' title='bbox 1833 2399 1943 2450; x_wconf 91' lang='lat' dir='ltr'>ars</span> <span class='ocrx_word' id='word_1_123' title='bbox 1964 2433 1986 2463; x_wconf 96' lang='lat'>,</span> <span class='ocrx_word' id='word_1_124' title='bbox 2054 2397 2195 2474; x_wconf 90' lang='lat' dir='ltr'>qua</span> <span class='ocrx_word' id='word_1_125' title='bbox 2246 2397 2406 2448; x_wconf 89' lang='lat' dir='ltr'>cum</span> <span class='ocrx_word' id='word_1_126' title='bbox 2471 2327 2678 2448; x_wconf 87' lang='lat' dir='ltr'>nemo</span> <span class='ocrx_word' id='word_1_127' title='bbox 2742 2380 2974 2474; x_wconf 86' lang='lat' dir='ltr'>potest</span> <span class='ocrx_word' id='word_1_128' title='bbox 3032 2397 3182 2450; x_wconf 89' lang='lat' dir='ltr'>esse</span> <span class='ocrx_word' id='word_1_129' title='bbox 3242 2375 3661 2465; x_wconf 89' lang='lat' dir='ltr'>destitutus,</span> <span class='ocrx_word' id='word_1_130' title='bbox 3725 2376 3850 2475; x_wconf 92' lang='lat' dir='ltr'>qui</span> <span class='ocrx_word' id='word_1_131' title='bbox 3899 2376 4028 2450; x_wconf 90' lang='lat' dir='ltr'>rite</span> 
     </span>
    </p>
   </div>
   <div class='ocr_carea' id='block_1_5' title="bbox 842 2494 4034 2599">
    <p class='ocr_par' dir='ltr' id='par_1_6' title="bbox 842 2494 4034 2599">
     <span class='ocr_line' id='line_1_15' title="bbox 842 2494 4034 2599; baseline -0.001 -25"><span class='ocrx_word' id='word_1_132' title='bbox 842 2503 845 2506; x_wconf 75' lang='grc'>’</span> <span class='ocrx_word' id='word_1_133' title='bbox 986 2497 1335 2599; x_wconf 87' lang='lat' dir='ltr'>percipere</span> <span class='ocrx_word' id='word_1_134' title='bbox 1402 2496 1600 2584; x_wconf 88' lang='lat' dir='ltr'>velit,</span> <span class='ocrx_word' id='word_1_135' title='bbox 1669 2494 1843 2595; x_wconf 90' lang='lat' dir='ltr'>quid</span> <span class='ocrx_word' id='word_1_136' title='bbox 1906 2494 2189 2570; x_wconf 88' lang='lat' dir='ltr'>alterius</span> <span class='ocrx_word' id='word_1_137' title='bbox 2240 2494 2476 2569; x_wconf 88' lang='lat' dir='ltr'>animo</span> <span class='ocrx_word' id='word_1_138' title='bbox 2528 2495 2670 2569; x_wconf 88' lang='lat' dir='ltr'>sive</span> <span class='ocrx_word' id='word_1_139' title='bbox 2717 2495 3068 2596; x_wconf 87' lang='lat' dir='ltr'>loquentis</span> <span class='ocrx_word' id='word_1_140' title='bbox 3118 2495 3260 2568; x_wconf 90' lang='lat' dir='ltr'>sive</span> <span class='ocrx_word' id='word_1_141' title='bbox 3303 2494 3668 2571; x_wconf 87' lang='lat' dir='ltr'>scribentis</span> <span class='ocrx_word' id='word_1_142' title='bbox 3719 2494 4034 2571; x_wconf 87' lang='lat' dir='ltr'>obversa-</span> 
     </span>
    </p>
   </div>
   <div class='ocr_carea' id='block_1_6' title="bbox 934 2614 4037 4874">
    <p class='ocr_par' dir='ltr' id='par_1_7' title="bbox 980 2614 4036 3555">
     <span class='ocr_line' id='line_1_16' title="bbox 985 2614 4036 2714; baseline -0.001 -22"><span class='ocrx_word' id='word_1_143' title='bbox 985 2627 1141 2694; x_wconf 88' lang='lat' dir='ltr'>tum</span> <span class='ocrx_word' id='word_1_144' title='bbox 1202 2617 1451 2706; x_wconf 82' lang='lat' dir='ltr'>fuerit,</span> <span class='ocrx_word' id='word_1_145' title='bbox 1516 2622 1673 2690; x_wconf 90' lang='lat' dir='ltr'>tum</span> <span class='ocrx_word' id='word_1_146' title='bbox 1736 2622 1921 2690; x_wconf 89' lang='lat' dir='ltr'>certe</span> <span class='ocrx_word' id='word_1_147' title='bbox 1976 2614 2093 2689; x_wconf 90' lang='lat' dir='ltr'>ille</span> <span class='ocrx_word' id='word_1_148' title='bbox 2150 2639 2378 2690; x_wconf 89' lang='lat' dir='ltr'>carere</span> <span class='ocrx_word' id='word_1_149' title='bbox 2432 2615 2718 2714; x_wconf 89' lang='lat' dir='ltr'>nequit,</span> <span class='ocrx_word' id='word_1_150' title='bbox 2779 2615 2980 2691; x_wconf 91' lang='lat' dir='ltr'>cuius</span> <span class='ocrx_word' id='word_1_151' title='bbox 3031 2638 3291 2690; x_wconf 88' lang='lat' dir='ltr'>munus</span> <span class='ocrx_word' id='word_1_152' title='bbox 3347 2622 3453 2690; x_wconf 91' lang='lat' dir='ltr'>est</span> <span class='ocrx_word' id='word_1_153' title='bbox 3503 2615 3616 2689; x_wconf 92' lang='lat' dir='ltr'>ius</span> <span class='ocrx_word' id='word_1_154' title='bbox 3663 2615 3804 2690; x_wconf 88' lang='lat' dir='ltr'>sive</span> <span class='ocrx_word' id='word_1_155' title='bbox 3847 2615 4036 2714; x_wconf 88' lang='lat' dir='ltr'>leges</span> 
     </span>
     <span class='ocr_line' id='line_1_17' title="bbox 986 2735 4034 2832; baseline -0.001 -18"><span class='ocrx_word' id='word_1_156' title='bbox 986 2740 1078 2816; x_wconf 91' lang='lat' dir='ltr'>ad</span> <span class='ocrx_word' id='word_1_157' title='bbox 1131 2762 1363 2812; x_wconf 89' lang='lat' dir='ltr'>rerum</span> <span class='ocrx_word' id='word_1_158' title='bbox 1412 2761 1621 2811; x_wconf 90' lang='lat' dir='ltr'>usum</span> <span class='ocrx_word' id='word_1_159' title='bbox 1660 2742 1730 2809; x_wconf 91' lang='lat' dir='ltr'>et</span> <span class='ocrx_word' id='word_1_160' title='bbox 1768 2758 2209 2810; x_wconf 89' lang='lat' dir='ltr'>communem</span> <span class='ocrx_word' id='word_1_161' title='bbox 2237 2735 2612 2809; x_wconf 78' lang='lat' dir='ltr'>utilitatem</span> <span class='ocrx_word' id='word_1_162' title='bbox 2643 2735 3182 2812; x_wconf 88' lang='lat' dir='ltr'>accommodare.</span> <span class='ocrx_word' id='word_1_163' title='bbox 3283 2737 3526 2814; x_wconf 88' lang='lat' dir='ltr'>Quum</span> <span class='ocrx_word' id='word_1_164' title='bbox 3579 2735 3768 2832; x_wconf 87' lang='lat' dir='ltr'>enim</span> <span class='ocrx_word' id='word_1_165' title='bbox 3817 2735 4034 2810; x_wconf 88' lang='lat' dir='ltr'>nemi-</span> 
     </span>
     <span class='ocr_line' id='line_1_18' title="bbox 982 2852 4036 2954; baseline -0.002 -19"><span class='ocrx_word' id='word_1_166' title='bbox 982 2882 1144 2935; x_wconf 92' lang='lat' dir='ltr'>nem</span> <span class='ocrx_word' id='word_1_167' title='bbox 1195 2857 1445 2946; x_wconf 89' lang='lat' dir='ltr'>lateat,</span> <span class='ocrx_word' id='word_1_168' title='bbox 1504 2882 1547 2931; x_wconf 98' lang='lat' dir='ltr'>a</span> <span class='ocrx_word' id='word_1_169' title='bbox 1588 2862 1774 2930; x_wconf 90' lang='lat' dir='ltr'>recto</span> <span class='ocrx_word' id='word_1_170' title='bbox 1817 2878 2111 2954; x_wconf 90' lang='lat' dir='ltr'>pravove</span> <span class='ocrx_word' id='word_1_171' title='bbox 2150 2852 2318 2928; x_wconf 90' lang='lat' dir='ltr'>iuris</span> <span class='ocrx_word' id='word_1_172' title='bbox 2362 2853 2724 2929; x_wconf 89' lang='lat' dir='ltr'>intellectu</span> <span class='ocrx_word' id='word_1_173' title='bbox 2762 2854 3064 2953; x_wconf 90' lang='lat' dir='ltr'>pendere</span> <span class='ocrx_word' id='word_1_174' title='bbox 3111 2853 3330 2945; x_wconf 93' lang='lat' dir='ltr'>bona,</span> <span class='ocrx_word' id='word_1_175' title='bbox 3380 2853 3732 2945; x_wconf 73' lang='lat' dir='ltr'>fortunae,</span> <span class='ocrx_word' id='word_1_176' title='bbox 3783 2854 4036 2929; x_wconf 90' lang='lat' dir='ltr'>civium</span> 
     </span>
     <span class='ocr_line' id='line_1_19' title="bbox 984 2973 4036 3077; baseline -0.002 -21"><span class='ocrx_word' id='word_1_177' title='bbox 984 2979 1282 3077; x_wconf 84' lang='lat' dir='ltr'>salutem</span> <span class='ocrx_word' id='word_1_178' title='bbox 1348 3000 1429 3051; x_wconf 91' lang='lat' dir='ltr'>ac</span> <span class='ocrx_word' id='word_1_179' title='bbox 1498 2974 1712 3051; x_wconf 86' lang='lat' dir='ltr'>vitam</span> <span class='ocrx_word' id='word_1_180' title='bbox 1736 3033 1757 3063; x_wconf 91' lang='lat'>‚</span> <span class='ocrx_word' id='word_1_181' title='bbox 1822 2973 2022 3050; x_wconf 78' lang='lat' dir='ltr'>facile</span> <span class='ocrx_word' id='word_1_182' title='bbox 2082 2973 2498 3072; x_wconf 85' lang='lat' dir='ltr'>intelligitur</span> <span class='ocrx_word' id='word_1_183' title='bbox 2519 3032 2539 3063; x_wconf 87' lang='lat'>‚</span> <span class='ocrx_word' id='word_1_184' title='bbox 2611 2998 2776 3050; x_wconf 91' lang='lat' dir='ltr'>eum</span> <span class='ocrx_word' id='word_1_185' title='bbox 2847 2974 2971 3076; x_wconf 88' lang='lat' dir='ltr'>qui</span> <span class='ocrx_word' id='word_1_186' title='bbox 3033 2974 3175 3050; x_wconf 87' lang='lat' dir='ltr'>sive</span> <span class='ocrx_word' id='word_1_187' title='bbox 3245 2973 3520 3075; x_wconf 89' lang='lat' dir='ltr'>patroni</span> <span class='ocrx_word' id='word_1_188' title='bbox 3579 2975 3722 3051; x_wconf 85' lang='lat' dir='ltr'>sive</span> <span class='ocrx_word' id='word_1_189' title='bbox 3787 2974 4036 3051; x_wconf 87' lang='lat' dir='ltr'>iudicis</span> 
     </span>
     <span class='ocr_line' id='line_1_20' title="bbox 980 3093 4032 3199; baseline -0.002 -24"><span class='ocrx_word' id='word_1_190' title='bbox 980 3099 1514 3199; x_wconf 87' lang='lat' dir='ltr'>magistratusve</span> <span class='ocrx_word' id='word_1_191' title='bbox 1562 3118 1850 3169; x_wconf 90' lang='lat' dir='ltr'>munere</span> <span class='ocrx_word' id='word_1_192' title='bbox 1893 3093 2096 3192; x_wconf 84' lang='lat' dir='ltr'>fungi</span> <span class='ocrx_word' id='word_1_193' title='bbox 2140 3093 2275 3167; x_wconf 89' lang='lat' dir='ltr'>sibi</span> <span class='ocrx_word' id='word_1_194' title='bbox 2326 3094 2803 3193; x_wconf 88' lang='lat' dir='ltr'>proposuerit,</span> <span class='ocrx_word' id='word_1_195' title='bbox 2853 3095 2942 3171; x_wconf 90' lang='lat' dir='ltr'>ab</span> <span class='ocrx_word' id='word_1_196' title='bbox 3001 3094 3211 3170; x_wconf 85' lang='lat' dir='ltr'>lruius</span> <span class='ocrx_word' id='word_1_197' title='bbox 3269 3094 3435 3170; x_wconf 88' lang='lat' dir='ltr'>artis</span> <span class='ocrx_word' id='word_1_198' title='bbox 3482 3095 3843 3195; x_wconf 82' lang='lat' dir='ltr'>praesidiis</span> <span class='ocrx_word' id='word_1_199' title='bbox 3894 3118 4032 3169; x_wconf 89' lang='lat' dir='ltr'>non</span> 
     </span>
     <span class='ocr_line' id='line_1_21' title="bbox 982 3212 4036 3316; baseline -0.001 -24"><span class='ocrx_word' id='word_1_200' title='bbox 982 3218 1115 3292; x_wconf 92' lang='lat' dir='ltr'>rite</span> <span class='ocrx_word' id='word_1_201' title='bbox 1172 3224 1457 3316; x_wconf 91' lang='lat' dir='ltr'>paratus</span> <span class='ocrx_word' id='word_1_202' title='bbox 1518 3221 1728 3312; x_wconf 86' lang='lat' dir='ltr'>atque</span> <span class='ocrx_word' id='word_1_203' title='bbox 1780 3212 2166 3287; x_wconf 85' lang='lat' dir='ltr'>inst-ructus</span> <span class='ocrx_word' id='word_1_204' title='bbox 2226 3213 2494 3303; x_wconf 85' lang='lat' dir='ltr'>veniat,</span> <span class='ocrx_word' id='word_1_205' title='bbox 2563 3214 2673 3289; x_wconf 89' lang='lat' dir='ltr'>vel</span> <span class='ocrx_word' id='word_1_206' title='bbox 2723 3214 2796 3289; x_wconf 88' lang='lat' dir='ltr'>in</span> <span class='ocrx_word' id='word_1_207' title='bbox 2859 3214 3172 3291; x_wconf 89' lang='lat' dir='ltr'>minimis</span> <span class='ocrx_word' id='word_1_208' title='bbox 3217 3214 3783 3315; x_wconf 86' lang='lat' dir='ltr'>tenuissimisque</span> <span class='ocrx_word' id='word_1_209' title='bbox 3827 3214 4036 3290; x_wconf 87' lang='lat' dir='ltr'>rebus</span> 
     </span>
     <span class='ocr_line' id='line_1_22' title="bbox 982 3331 4034 3434; baseline 0 -25"><span class='ocrx_word' id='word_1_210' title='bbox 982 3335 1085 3411; x_wconf 89' lang='lat' dir='ltr'>ita</span> <span class='ocrx_word' id='word_1_211' title='bbox 1152 3334 1335 3424; x_wconf 94' lang='lat' dir='ltr'>labi,</span> <span class='ocrx_word' id='word_1_212' title='bbox 1406 3341 1489 3409; x_wconf 86' lang='lat' dir='ltr'>ut</span> <span class='ocrx_word' id='word_1_213' title='bbox 1544 3340 1905 3433; x_wconf 86' lang='lat' dir='ltr'>tamquam</span> <span class='ocrx_word' id='word_1_214' title='bbox 1950 3331 2698 3408; x_wconf 85' lang='lat' dir='ltr'>formularum-cantor</span> <span class='ocrx_word' id='word_1_215' title='bbox 2761 3332 2852 3410; x_wconf 90' lang='lat' dir='ltr'>ab</span> <span class='ocrx_word' id='word_1_216' title='bbox 2906 3335 3234 3411; x_wconf 88' lang='lat' dir='ltr'>omnibus</span> <span class='ocrx_word' id='word_1_217' title='bbox 3287 3336 3584 3434; x_wconf 86' lang='lat' dir='ltr'>turpiter</span> <span class='ocrx_word' id='word_1_218' title='bbox 3629 3335 4034 3423; x_wconf 86' lang='lat' dir='ltr'>irrideatur,</span> 
     </span>
     <span class='ocr_line' id='line_1_23' title="bbox 987 3450 3480 3555; baseline -0.001 -22"><span class='ocrx_word' id='word_1_219' title='bbox 987 3456 1124 3537; x_wconf 90' lang='lat' dir='ltr'>Icti</span> <span class='ocrx_word' id='word_1_220' title='bbox 1171 3454 1452 3530; x_wconf 89' lang='lat' dir='ltr'>nomine</span> <span class='ocrx_word' id='word_1_221' title='bbox 1499 3475 1782 3555; x_wconf 88' lang='lat' dir='ltr'>prorsus</span> <span class='ocrx_word' id='word_1_222' title='bbox 1828 3450 2163 3553; x_wconf 88' lang='lat' dir='ltr'>indignus</span> <span class='ocrx_word' id='word_1_223' title='bbox 2212 3451 2570 3529; x_wconf 89' lang='lat' dir='ltr'>habeatur.</span> <span class='ocrx_word' id='word_1_224' title='bbox 3467 3518 3480 3531; x_wconf 70' lang='grc'>,</span> 
     </span>
    </p>

    <p class='ocr_par' dir='ltr' id='par_1_8' title="bbox 934 3574 4037 4635">
     <span class='ocr_line' id='line_1_24' title="bbox 1082 3574 4034 3675; baseline -0 -25"><span class='ocrx_word' id='word_1_225' title='bbox 1082 3577 1347 3652; x_wconf 87' lang='lat' dir='ltr'>Verum</span> <span class='ocrx_word' id='word_1_226' title='bbox 1394 3577 1741 3652; x_wconf 87' lang='lat' dir='ltr'>enimvero</span> <span class='ocrx_word' id='word_1_227' title='bbox 1784 3574 1891 3649; x_wconf 91' lang='lat' dir='ltr'>uti</span> <span class='ocrx_word' id='word_1_228' title='bbox 1934 3575 2105 3649; x_wconf 91' lang='lat' dir='ltr'>iuris</span> <span class='ocrx_word' id='word_1_229' title='bbox 2150 3574 2627 3675; x_wconf 88' lang='lat' dir='ltr'>interpretatio</span> <span class='ocrx_word' id='word_1_230' title='bbox 2659 3600 2820 3651; x_wconf 89' lang='lat' dir='ltr'>cum</span> <span class='ocrx_word' id='word_1_231' title='bbox 2857 3576 3100 3652; x_wconf 90' lang='lat' dir='ltr'>multis</span> <span class='ocrx_word' id='word_1_232' title='bbox 3131 3574 3455 3675; x_wconf 87' lang='lat' dir='ltr'>periculis</span> <span class='ocrx_word' id='word_1_233' title='bbox 3495 3581 3603 3649; x_wconf 88' lang='lat' dir='ltr'>est</span> <span class='ocrx_word' id='word_1_234' title='bbox 3635 3574 4034 3661; x_wconf 89' lang='lat' dir='ltr'>coniuncta,</span> 
     </span>
     <span class='ocr_line' id='line_1_25' title="bbox 994 3693 4037 3796; baseline -0.002 -24"><span class='ocrx_word' id='word_1_235' title='bbox 994 3697 1090 3772; x_wconf 92' lang='lat' dir='ltr'>sic</span> <span class='ocrx_word' id='word_1_236' title='bbox 1141 3696 1559 3796; x_wconf 90' lang='lat' dir='ltr'>peculiarem</span> <span class='ocrx_word' id='word_1_237' title='bbox 1612 3694 1967 3794; x_wconf 87' lang='lat' dir='ltr'>quandam</span> <span class='ocrx_word' id='word_1_238' title='bbox 2014 3694 2151 3769; x_wconf 87' lang='lat' dir='ltr'>sibi</span> <span class='ocrx_word' id='word_1_239' title='bbox 2196 3694 2410 3770; x_wconf 87' lang='lat' dir='ltr'>habet</span> <span class='ocrx_word' id='word_1_240' title='bbox 2452 3695 2970 3784; x_wconf 87' lang='lat' dir='ltr'>difficultatem;</span> <span class='ocrx_word' id='word_1_241' title='bbox 3022 3696 3083 3769; x_wconf 90' lang='lat' dir='ltr'>si</span> <span class='ocrx_word' id='word_1_242' title='bbox 3125 3694 3409 3794; x_wconf 89' lang='lat' dir='ltr'>quidem</span> <span class='ocrx_word' id='word_1_243' title='bbox 3452 3693 3544 3769; x_wconf 91' lang='lat' dir='ltr'>ad</span> <span class='ocrx_word' id='word_1_244' title='bbox 3591 3694 3881 3773; x_wconf 92' lang='lat' dir='ltr'>aliorum</span> <span class='ocrx_word' id='word_1_245' title='bbox 3929 3694 4037 3767; x_wconf 87' lang='lat' dir='ltr'>vel</span> 
     </span>
     <span class='ocr_line' id='line_1_26' title="bbox 988 3812 4034 3915; baseline -0.001 -25"><span class='ocrx_word' id='word_1_246' title='bbox 988 3822 1339 3891; x_wconf 90' lang='lat' dir='ltr'>oratorum</span> <span class='ocrx_word' id='word_1_247' title='bbox 1406 3815 1515 3890; x_wconf 89' lang='lat' dir='ltr'>vel</span> <span class='ocrx_word' id='word_1_248' title='bbox 1584 3814 1997 3914; x_wconf 85' lang='lat' dir='ltr'>scriptorum</span> <span class='ocrx_word' id='word_1_249' title='bbox 2051 3812 2251 3889; x_wconf 91' lang='lat' dir='ltr'>dotes</span> <span class='ocrx_word' id='word_1_250' title='bbox 2292 3815 2598 3890; x_wconf 84' lang='lat' dir='ltr'>maxime</span> <span class='ocrx_word' id='word_1_251' title='bbox 2641 3815 2976 3915; x_wconf 89' lang='lat' dir='ltr'>pertinet,</span> <span class='ocrx_word' id='word_1_252' title='bbox 3029 3816 3300 3914; x_wconf 84' lang='lat' dir='ltr'>copiose</span> <span class='ocrx_word' id='word_1_253' title='bbox 3345 3823 3416 3889; x_wconf 88' lang='lat' dir='ltr'>et</span> <span class='ocrx_word' id='word_1_254' title='bbox 3457 3822 3696 3888; x_wconf 88' lang='lat' dir='ltr'>ornate</span> <span class='ocrx_word' id='word_1_255' title='bbox 3741 3813 4034 3889; x_wconf 85' lang='lat' dir='ltr'>scribere</span> 
     </span>
     <span class='ocr_line' id='line_1_27' title="bbox 987 3934 4030 4035; baseline -0.002 -22"><span class='ocrx_word' id='word_1_256' title='bbox 987 3944 1111 4013; x_wconf 89' lang='lat' dir='ltr'>aut</span> <span class='ocrx_word' id='word_1_257' title='bbox 1150 3936 1384 4035; x_wconf 92' lang='lat' dir='ltr'>loqui,</span> <span class='ocrx_word' id='word_1_258' title='bbox 1425 3944 1505 4009; x_wconf 90' lang='lat' dir='ltr'>ut</span> <span class='ocrx_word' id='word_1_259' title='bbox 1539 3934 1975 4011; x_wconf 89' lang='lat' dir='ltr'>audientium</span> <span class='ocrx_word' id='word_1_260' title='bbox 2015 3958 2218 4009; x_wconf 88' lang='lat' dir='ltr'>aures</span> <span class='ocrx_word' id='word_1_261' title='bbox 2254 3934 2585 4009; x_wconf 89' lang='lat' dir='ltr'>orationis</span> <span class='ocrx_word' id='word_1_262' title='bbox 2627 3934 2994 4009; x_wconf 89' lang='lat' dir='ltr'>dulcedine</span> <span class='ocrx_word' id='word_1_263' title='bbox 3037 3934 3593 4023; x_wconf 86' lang='lat' dir='ltr'>demulceantur,</span> <span class='ocrx_word' id='word_1_264' title='bbox 3644 3934 3751 4008; x_wconf 89' lang='lat' dir='ltr'>vel</span> <span class='ocrx_word' id='word_1_265' title='bbox 3797 3935 4030 4033; x_wconf 88' lang='lat' dir='ltr'>legen-</span> 
     </span>
     <span class='ocr_line' id='line_1_28' title="bbox 990 4054 4028 4153; baseline -0.001 -22"><span class='ocrx_word' id='word_1_266' title='bbox 990 4057 1167 4131; x_wconf 90' lang='lat' dir='ltr'>tium</span> <span class='ocrx_word' id='word_1_267' title='bbox 1217 4054 1432 4130; x_wconf 90' lang='lat' dir='ltr'>animi</span> <span class='ocrx_word' id='word_1_268' title='bbox 1478 4054 1973 4130; x_wconf 90' lang='lat' dir='ltr'>sententiarum</span> <span class='ocrx_word' id='word_1_269' title='bbox 2016 4054 2478 4129; x_wconf 80' lang='lat' dir='ltr'>concinnitate</span> <span class='ocrx_word' id='word_1_270' title='bbox 2516 4061 2588 4128; x_wconf 90' lang='lat' dir='ltr'>et</span> <span class='ocrx_word' id='word_1_271' title='bbox 2636 4054 2800 4153; x_wconf 83' lang='lat' dir='ltr'>styli</span> <span class='ocrx_word' id='word_1_272' title='bbox 2845 4054 3266 4131; x_wconf 85' lang='lat' dir='ltr'>ornamentis</span> <span class='ocrx_word' id='word_1_273' title='bbox 3309 4054 3737 4129; x_wconf 90' lang='lat' dir='ltr'>delectentur</span> <span class='ocrx_word' id='word_1_274' title='bbox 3754 4113 3774 4143; x_wconf 94' lang='lat'>,</span> <span class='ocrx_word' id='word_1_275' title='bbox 3825 4054 4028 4153; x_wconf 88' lang='lat' dir='ltr'>legis-</span> 
     </span>
     <span class='ocr_line' id='line_1_29' title="bbox 990 4172 4029 4271; baseline -0.002 -19"><span class='ocrx_word' id='word_1_276' title='bbox 990 4175 1225 4252; x_wconf 90' lang='lat' dir='ltr'>latoris</span> <span class='ocrx_word' id='word_1_277' title='bbox 1269 4184 1506 4250; x_wconf 88' lang='lat' dir='ltr'>eontra</span> <span class='ocrx_word' id='word_1_278' title='bbox 1550 4184 1655 4249; x_wconf 88' lang='lat' dir='ltr'>est</span> <span class='ocrx_word' id='word_1_279' title='bbox 1695 4174 1949 4261; x_wconf 89' lang='lat' dir='ltr'>virtus,</span> <span class='ocrx_word' id='word_1_280' title='bbox 1994 4172 2269 4248; x_wconf 89' lang='lat' dir='ltr'>concisa</span> <span class='ocrx_word' id='word_1_281' title='bbox 2322 4180 2534 4271; x_wconf 90' lang='lat' dir='ltr'>atque</span> <span class='ocrx_word' id='word_1_282' title='bbox 2581 4172 2900 4248; x_wconf 88' lang='lat' dir='ltr'>absoluta</span> <span class='ocrx_word' id='word_1_283' title='bbox 2943 4174 3306 4251; x_wconf 85' lang='lat' dir='ltr'>verborum</span> <span class='ocrx_word' id='word_1_284' title='bbox 3357 4174 3693 4249; x_wconf 86' lang='lat' dir='ltr'>brevitate</span> <span class='ocrx_word' id='word_1_285' title='bbox 3749 4184 3819 4248; x_wconf 91' lang='lat' dir='ltr'>et</span> <span class='ocrx_word' id='word_1_286' title='bbox 3869 4175 4029 4247; x_wconf 87' lang='lat' dir='ltr'>sim-</span> 
     </span>
     <span class='ocr_line' id='line_1_30' title="bbox 987 4292 4026 4395; baseline -0.002 -25"><span class='ocrx_word' id='word_1_287' title='bbox 987 4295 1335 4395; x_wconf 81' lang='lat' dir='ltr'>plicitate:</span> <span class='ocrx_word' id='word_1_288' title='bbox 1404 4298 1741 4393; x_wconf 82' lang='lat' dir='ltr'>imperare</span> <span class='ocrx_word' id='word_1_289' title='bbox 1755 4350 1775 4381; x_wconf 85' lang='lat'>‚</span> <span class='ocrx_word' id='word_1_290' title='bbox 1835 4301 2070 4367; x_wconf 82' lang='lat' dir='ltr'>vetare</span> <span class='ocrx_word' id='word_1_291' title='bbox 2091 4350 2112 4380; x_wconf 90' lang='lat'>,</span> <span class='ocrx_word' id='word_1_292' title='bbox 2154 4294 2563 4389; x_wconf 80' lang='lat' dir='ltr'>permittere</span> <span class='ocrx_word' id='word_1_293' title='bbox 2584 4348 2604 4381; x_wconf 88' lang='lat'>,</span> <span class='ocrx_word' id='word_1_294' title='bbox 2656 4295 2934 4391; x_wconf 80' lang='lat' dir='ltr'>punire.</span> <span class='ocrx_word' id='word_1_295' title='bbox 3033 4294 3308 4393; x_wconf 86' lang='lat' dir='ltr'>Legum</span> <span class='ocrx_word' id='word_1_296' title='bbox 3365 4292 3539 4369; x_wconf 87' lang='lat' dir='ltr'>adeo</span> <span class='ocrx_word' id='word_1_297' title='bbox 3597 4292 3804 4369; x_wconf 86' lang='lat' dir='ltr'>effata</span> <span class='ocrx_word' id='word_1_298' title='bbox 3856 4317 4026 4390; x_wconf 89' lang='lat' dir='ltr'>quo·</span> 
     </span>
     <span class='ocr_line' id='line_1_31' title="bbox 987 4410 4027 4514; baseline -0.002 -23"><span class='ocrx_word' id='word_1_299' title='bbox 987 4414 1361 4492; x_wconf 90' lang='lat' dir='ltr'>dammodo</span> <span class='ocrx_word' id='word_1_300' title='bbox 1432 4413 1523 4489; x_wconf 88' lang='lat' dir='ltr'>ad</span> <span class='ocrx_word' id='word_1_301' title='bbox 1590 4412 2017 4488; x_wconf 85' lang='lat' dir='ltr'>oraculorum</span> <span class='ocrx_word' id='word_1_302' title='bbox 2090 4418 2256 4485; x_wconf 85' lang='lat' dir='ltr'>sunt</span> <span class='ocrx_word' id='word_1_303' title='bbox 2331 4410 2587 4499; x_wconf 86' lang='lat' dir='ltr'>instar,</span> <span class='ocrx_word' id='word_1_304' title='bbox 2662 4437 2705 4486; x_wconf 98' lang='lat' dir='ltr'>a</span> <span class='ocrx_word' id='word_1_305' title='bbox 2766 4412 2937 4487; x_wconf 90' lang='lat' dir='ltr'>Ictis</span> <span class='ocrx_word' id='word_1_306' title='bbox 3010 4420 3252 4514; x_wconf 88' lang='lat' dir='ltr'>utpote</span> <span class='ocrx_word' id='word_1_307' title='bbox 3313 4413 3486 4489; x_wconf 89' lang='lat' dir='ltr'>iuris</span> <span class='ocrx_word' id='word_1_308' title='bbox 3557 4412 4027 4488; x_wconf 86' lang='lat' dir='ltr'>sacerdotibus</span> 
     </span>
     <span class='ocr_line' id='line_1_32' title="bbox 934 4530 2780 4635; baseline -0.003 -23"><span class='ocrx_word' id='word_1_309' title='bbox 934 4594 937 4599; x_wconf 85' lang='lat'>-</span> <span class='ocrx_word' id='word_1_310' title='bbox 986 4535 1393 4635; x_wconf 87' lang='lat' dir='ltr'>explicanda</span> <span class='ocrx_word' id='word_1_311' title='bbox 1440 4540 1513 4609; x_wconf 90' lang='lat' dir='ltr'>et</span> <span class='ocrx_word' id='word_1_312' title='bbox 1558 4533 1654 4609; x_wconf 89' lang='lat' dir='ltr'>ad</span> <span class='ocrx_word' id='word_1_313' title='bbox 1702 4533 1961 4609; x_wconf 87' lang='lat' dir='ltr'>civium</span> <span class='ocrx_word' id='word_1_314' title='bbox 2008 4530 2329 4605; x_wconf 88' lang='lat' dir='ltr'>notitiam</span> <span class='ocrx_word' id='word_1_315' title='bbox 2379 4530 2780 4629; x_wconf 89' lang='lat' dir='ltr'>promenda.</span> 
     </span>
    </p>

    <p class='ocr_par' dir='ltr' id='par_1_9' title="bbox 983 4649 4025 4874">
     <span class='ocr_line' id='line_1_33' title="bbox 1079 4649 4025 4753; baseline -0.003 -22"><span class='ocrx_word' id='word_1_316' title='bbox 1079 4657 1243 4732; x_wconf 92' lang='lat' dir='ltr'>Non</span> <span class='ocrx_word' id='word_1_317' title='bbox 1318 4661 1425 4730; x_wconf 88' lang='lat' dir='ltr'>est</span> <span class='ocrx_word' id='word_1_318' title='bbox 1482 4660 1795 4730; x_wconf 88' lang='lat' dir='ltr'>nostrum</span> <span class='ocrx_word' id='word_1_319' title='bbox 1818 4711 1839 4742; x_wconf 92' lang='lat'>,</span> <span class='ocrx_word' id='word_1_320' title='bbox 1906 4674 2068 4726; x_wconf 89' lang='lat' dir='ltr'>cum</span> <span class='ocrx_word' id='word_1_321' title='bbox 2132 4650 2308 4725; x_wconf 88' lang='lat' dir='ltr'>iuris</span> <span class='ocrx_word' id='word_1_322' title='bbox 2367 4650 2868 4750; x_wconf 85' lang='lat' dir='ltr'>interpretandi</span> <span class='ocrx_word' id='word_1_323' title='bbox 2933 4651 3106 4729; x_wconf 88' lang='lat' dir='ltr'>ratio</span> <span class='ocrx_word' id='word_1_324' title='bbox 3172 4677 3430 4753; x_wconf 86' lang='lat' dir='ltr'>magna</span> <span class='ocrx_word' id='word_1_325' title='bbox 3487 4649 3884 4748; x_wconf 88' lang='lat' dir='ltr'>ceteroquin</span> <span class='ocrx_word' id='word_1_326' title='bbox 3939 4672 4025 4723; x_wconf 84' lang='lat' dir='ltr'>ex</span> 
     </span>
     <span class='ocr_line' id='line_1_34' title="bbox 983 4769 4024 4874; baseline -0.003 -23"><span class='ocrx_word' id='word_1_327' title='bbox 983 4781 1179 4873; x_wconf 87' lang='lat' dir='ltr'>parte</span> <span class='ocrx_word' id='word_1_328' title='bbox 1226 4781 1496 4851; x_wconf 87' lang='lat' dir='ltr'>constet</span> <span class='ocrx_word' id='word_1_329' title='bbox 1537 4772 1920 4874; x_wconf 86' lang='lat' dir='ltr'>praeceptis</span> <span class='ocrx_word' id='word_1_330' title='bbox 1964 4798 2051 4847; x_wconf 86' lang='lat' dir='ltr'>ex</span> <span class='ocrx_word' id='word_1_331' title='bbox 2101 4771 2504 4871; x_wconf 88' lang='lat' dir='ltr'>vulgaribus</span> <span class='ocrx_word' id='word_1_332' title='bbox 2557 4771 3055 4872; x_wconf 85' lang='lat' dir='ltr'>interpretandi</span> <span class='ocrx_word' id='word_1_333' title='bbox 3075 4800 3084 4809; x_wconf 94' lang='lat'><strong>·</strong></span> <span class='ocrx_word' id='word_1_334' title='bbox 3091 4772 3445 4874; x_wconf 84' lang='lat' dir='ltr'>principiis</span> <span class='ocrx_word' id='word_1_335' title='bbox 3487 4770 3840 4856; x_wconf 77' lang='lat' dir='ltr'>deductiS‚</span> <span class='ocrx_word' id='word_1_336' title='bbox 3888 4769 4024 4842; x_wconf 89' lang='lat' dir='ltr'>late</span> 
     </span>
    </p>
   </div>
  </div>
 </body>
</html>
