<?xml version="1.0" encoding="UTF-8"?>
<!DOCTYPE html PUBLIC "-//W3C//DTD XHTML 1.0 Transitional//EN"
    "http://www.w3.org/TR/xhtml1/DTD/xhtml1-transitional.dtd">
<html xmlns="http://www.w3.org/1999/xhtml" xml:lang="en" lang="en">
 <head>
  <title>
</title>
<meta http-equiv="Content-Type" content="text/html;charset=utf-8" />
  <meta name='ocr-system' content='tesseract 3.04.00' />
  <meta name='ocr-capabilities' content='ocr_page ocr_carea ocr_par ocr_line ocrx_word'/>
</head>
<body>
  <div class='ocr_page' id='page_1' title='image "annalesacademic01confgoog_0134.png"; bbox 0 0 4730 6049; ppageno 0'>
   <div class='ocr_carea' id='block_1_1' title="bbox 1047 658 2919 728">
    <p class='ocr_par' dir='ltr' id='par_1_1' title="bbox 1047 658 2919 728">
     <span class='ocr_line' id='line_1_1' title="bbox 1047 658 2919 728; baseline -0.002 -1"><span class='ocrx_word' id='word_1_1' title='bbox 1047 662 1182 728; x_wconf 80' lang='lat'><strong>124</strong></span> <span class='ocrx_word' id='word_1_2' title='bbox 2213 660 2286 727; x_wconf 91' lang='grc' dir='ltr'><strong>Β.</strong></span> <span class='ocrx_word' id='word_1_3' title='bbox 2354 659 2559 725; x_wconf 84' lang='lat' dir='ltr'><strong>TER</strong></span> <span class='ocrx_word' id='word_1_4' title='bbox 2625 658 2919 725; x_wconf 76' lang='lat' dir='ltr'>HAAR</span> 
     </span>
    </p>
   </div>
   <div class='ocr_carea' id='block_1_2' title="bbox 1039 866 4113 1918">
    <p class='ocr_par' dir='ltr' id='par_1_2' title="bbox 1039 866 4113 1918">
     <span class='ocr_line' id='line_1_2' title="bbox 1042 866 4113 967; baseline 0.001 -25"><span class='ocrx_word' id='word_1_5' title='bbox 1042 867 1390 943; x_wconf 90' lang='lat' dir='ltr'><strong>mundum</strong></span> <span class='ocrx_word' id='word_1_6' title='bbox 1460 867 1740 967; x_wconf 86' lang='lat' dir='ltr'>Religio</span> <span class='ocrx_word' id='word_1_7' title='bbox 1811 866 2223 942; x_wconf 88' lang='lat' dir='ltr'><strong>Christiana.</strong></span> <span class='ocrx_word' id='word_1_8' title='bbox 2327 868 2582 942; x_wconf 87' lang='lat' dir='ltr'><strong>Nonne</strong></span> <span class='ocrx_word' id='word_1_9' title='bbox 2649 867 2868 967; x_wconf 86' lang='lat' dir='ltr'><strong>igitur</strong></span> <span class='ocrx_word' id='word_1_10' title='bbox 2933 866 3237 959; x_wconf 89' lang='lat' dir='ltr'><strong>(etiamsi</strong></span> <span class='ocrx_word' id='word_1_11' title='bbox 3311 866 3626 941; x_wconf 73' lang='lat' dir='ltr'><strong>Historia</strong></span> <span class='ocrx_word' id='word_1_12' title='bbox 3689 867 4113 967; x_wconf 71' lang='lat' dir='ltr'><strong>Euangeliou</strong></span> 
     </span>
     <span class='ocr_line' id='line_1_3' title="bbox 1049 986 4109 1086; baseline 0 -23"><span class='ocrx_word' id='word_1_13' title='bbox 1049 994 1331 1063; x_wconf 82' lang='lat' dir='ltr'><strong>externa</strong></span> <span class='ocrx_word' id='word_1_14' title='bbox 1380 994 1655 1062; x_wconf 89' lang='lat' dir='ltr'><strong>tantum</strong></span> <span class='ocrx_word' id='word_1_15' title='bbox 1710 987 1933 1062; x_wconf 86' lang='lat' dir='ltr'><strong>forma</strong></span> <span class='ocrx_word' id='word_1_16' title='bbox 1986 994 2198 1085; x_wconf 89' lang='lat' dir='ltr'><strong>atque</strong></span> <span class='ocrx_word' id='word_1_17' title='bbox 2251 986 2569 1063; x_wconf 88' lang='lat' dir='ltr'><strong>idearum</strong></span> <span class='ocrx_word' id='word_1_18' title='bbox 2634 996 3066 1062; x_wconf 87' lang='lat' dir='ltr'><strong>aeternarum</strong></span> <span class='ocrx_word' id='word_1_19' title='bbox 3125 995 3464 1086; x_wconf 88' lang='lat' dir='ltr'><strong>tanquam</strong></span> <span class='ocrx_word' id='word_1_20' title='bbox 3516 986 3831 1085; x_wconf 85' lang='lat' dir='ltr'><strong>symbola</strong></span> <span class='ocrx_word' id='word_1_21' title='bbox 3887 995 3960 1062; x_wconf 92' lang='lat' dir='ltr'><strong>et</strong></span> <span class='ocrx_word' id='word_1_22' title='bbox 4003 989 4109 1063; x_wconf 89' lang='lat' dir='ltr'><strong>in-</strong></span> 
     </span>
     <span class='ocr_line' id='line_1_4' title="bbox 1046 1105 4110 1204; baseline 0 -22"><span class='ocrx_word' id='word_1_23' title='bbox 1046 1107 1323 1183; x_wconf 86' lang='lat' dir='ltr'><strong>volucra</strong></span> <span class='ocrx_word' id='word_1_24' title='bbox 1378 1114 1560 1180; x_wconf 89' lang='lat' dir='ltr'><strong>esset</strong></span> <span class='ocrx_word' id='word_1_25' title='bbox 1605 1105 1927 1181; x_wconf 88' lang='lat' dir='ltr'><strong>habenda</strong></span> <span class='ocrx_word' id='word_1_26' title='bbox 1976 1106 2075 1198; x_wconf 76' lang='lat'><strong>⁶²)</strong></span> <span class='ocrx_word' id='word_1_27' title='bbox 2096 1165 2116 1194; x_wconf 94' lang='lat'><strong>,</strong></span> <span class='ocrx_word' id='word_1_28' title='bbox 2168 1131 2401 1180; x_wconf 89' lang='lat' dir='ltr'><strong>nonne</strong></span> <span class='ocrx_word' id='word_1_29' title='bbox 2420 1166 2441 1194; x_wconf 94' lang='lat'><strong>,</strong></span> <span class='ocrx_word' id='word_1_30' title='bbox 2489 1106 2778 1204; x_wconf 90' lang='lat' dir='ltr'><strong>inquam</strong></span> <span class='ocrx_word' id='word_1_31' title='bbox 2803 1165 2822 1194; x_wconf 94' lang='lat'>‚</span> <span class='ocrx_word' id='word_1_32' title='bbox 2859 1132 2944 1179; x_wconf 84' lang='lat' dir='ltr'><strong>ex</strong></span> <span class='ocrx_word' id='word_1_33' title='bbox 2987 1105 3097 1180; x_wconf 89' lang='lat' dir='ltr'><strong>his</strong></span> <span class='ocrx_word' id='word_1_34' title='bbox 3139 1106 3466 1182; x_wconf 90' lang='lat' dir='ltr'><strong>omnibus</strong></span> <span class='ocrx_word' id='word_1_35' title='bbox 3508 1114 3662 1181; x_wconf 87' lang='lat' dir='ltr'><strong>tuto</strong></span> <span class='ocrx_word' id='word_1_36' title='bbox 3703 1108 4110 1183; x_wconf 85' lang='lat' dir='ltr'><strong>concludere</strong></span> 
     </span>
     <span class='ocr_line' id='line_1_5' title="bbox 1046 1225 4109 1325; baseline 0 -24"><span class='ocrx_word' id='word_1_37' title='bbox 1046 1226 1243 1313; x_wconf 90' lang='lat' dir='ltr'><strong>licet,</strong></span> <span class='ocrx_word' id='word_1_38' title='bbox 1306 1225 1616 1300; x_wconf 87' lang='lat' dir='ltr'><strong>divinam</strong></span> <span class='ocrx_word' id='word_1_39' title='bbox 1689 1226 2113 1325; x_wconf 82' lang='lat' dir='ltr'><strong>Sapientiam</strong></span> <span class='ocrx_word' id='word_1_40' title='bbox 2163 1225 2502 1324; x_wconf 89' lang='lat' dir='ltr'><strong>optimam</strong></span> <span class='ocrx_word' id='word_1_41' title='bbox 2521 1284 2542 1313; x_wconf 91' lang='lat'><strong>,</strong></span> <span class='ocrx_word' id='word_1_42' title='bbox 2603 1225 2744 1323; x_wconf 69' lang='lat' dir='ltr'><strong>qua</strong></span> <span class='ocrx_word' id='word_1_43' title='bbox 2795 1225 3120 1299; x_wconf 79' lang='lat' dir='ltr'><strong>mortales</strong></span> <span class='ocrx_word' id='word_1_44' title='bbox 3179 1226 3436 1300; x_wconf 89' lang='lat' dir='ltr'><strong>donare</strong></span> <span class='ocrx_word' id='word_1_45' title='bbox 3479 1252 3558 1301; x_wconf 90' lang='lat' dir='ltr'><strong>ac</strong></span> <span class='ocrx_word' id='word_1_46' title='bbox 3601 1225 3808 1301; x_wconf 89' lang='lat' dir='ltr'><strong>beare</strong></span> <span class='ocrx_word' id='word_1_47' title='bbox 3855 1228 4109 1316; x_wconf 82' lang='lat' dir='ltr'><strong>voluit,</strong></span> 
     </span>
     <span class='ocr_line' id='line_1_6' title="bbox 1042 1344 4110 1445; baseline 0 -24"><span class='ocrx_word' id='word_1_48' title='bbox 1042 1344 1448 1445; x_wconf 84' lang='lat' dir='ltr'><strong>religionem</strong></span> <span class='ocrx_word' id='word_1_49' title='bbox 1513 1346 1737 1421; x_wconf 88' lang='lat' dir='ltr'><strong>forma</strong></span> <span class='ocrx_word' id='word_1_50' title='bbox 1796 1346 1917 1420; x_wconf 92' lang='lat' dir='ltr'><strong>illa</strong></span> <span class='ocrx_word' id='word_1_51' title='bbox 1974 1344 2291 1419; x_wconf 84' lang='lat' dir='ltr'><strong>induisse</strong></span> <span class='ocrx_word' id='word_1_52' title='bbox 2314 1404 2333 1434; x_wconf 94' lang='lat'><strong>,</strong></span> <span class='ocrx_word' id='word_1_53' title='bbox 2386 1369 2567 1443; x_wconf 90' lang='lat' dir='ltr'><strong>quae</strong></span> <span class='ocrx_word' id='word_1_54' title='bbox 2613 1344 2875 1444; x_wconf 91' lang='lat' dir='ltr'><strong>optime</strong></span> <span class='ocrx_word' id='word_1_55' title='bbox 2923 1344 3193 1419; x_wconf 91' lang='lat' dir='ltr'><strong>intimis</strong></span> <span class='ocrx_word' id='word_1_56' title='bbox 3243 1345 3538 1445; x_wconf 85' lang='lat' dir='ltr'><strong>pectoris</strong></span> <span class='ocrx_word' id='word_1_57' title='bbox 3587 1344 3878 1421; x_wconf 89' lang='lat' dir='ltr'><strong>humani</strong></span> <span class='ocrx_word' id='word_1_58' title='bbox 3929 1346 4110 1421; x_wconf 79' lang='lat' dir='ltr'><strong>desi-</strong></span> 
     </span>
     <span class='ocr_line' id='line_1_7' title="bbox 1042 1462 4110 1564; baseline -0 -24"><span class='ocrx_word' id='word_1_59' title='bbox 1042 1466 1250 1540; x_wconf 89' lang='lat' dir='ltr'><strong>deriis</strong></span> <span class='ocrx_word' id='word_1_60' title='bbox 1314 1491 1393 1541; x_wconf 92' lang='lat' dir='ltr'><strong>ac</strong></span> <span class='ocrx_word' id='word_1_61' title='bbox 1465 1466 1641 1541; x_wconf 88' lang='lat' dir='ltr'><strong>votis</strong></span> <span class='ocrx_word' id='word_1_62' title='bbox 1708 1465 2181 1541; x_wconf 79' lang='lat' dir='ltr'><strong>satisfaceret?</strong></span> <span class='ocrx_word' id='word_1_63' title='bbox 2254 1464 2469 1543; x_wconf 88' lang='lat' dir='ltr'><strong>Quod</strong></span> <span class='ocrx_word' id='word_1_64' title='bbox 2530 1464 2768 1562; x_wconf 89' lang='lat' dir='ltr'><strong>itaque</strong></span> <span class='ocrx_word' id='word_1_65' title='bbox 2845 1463 3079 1537; x_wconf 91' lang='lat' dir='ltr'><strong>divina</strong></span> <span class='ocrx_word' id='word_1_66' title='bbox 3140 1462 3494 1562; x_wconf 85' lang='lat' dir='ltr'><strong>Sapientia</strong></span> <span class='ocrx_word' id='word_1_67' title='bbox 3543 1464 3968 1564; x_wconf 87' lang='lat' dir='ltr'><strong>gravissimis</strong></span> <span class='ocrx_word' id='word_1_68' title='bbox 4021 1466 4110 1539; x_wconf 89' lang='lat' dir='ltr'><strong>de</strong></span> 
     </span>
     <span class='ocr_line' id='line_1_8' title="bbox 1039 1583 4112 1683; baseline -0.001 -22"><span class='ocrx_word' id='word_1_69' title='bbox 1039 1586 1302 1661; x_wconf 83' lang='lat' dir='ltr'><strong>caussis</strong></span> <span class='ocrx_word' id='word_1_70' title='bbox 1366 1595 1512 1661; x_wconf 89' lang='lat' dir='ltr'><strong>tam</strong></span> <span class='ocrx_word' id='word_1_71' title='bbox 1576 1593 1762 1661; x_wconf 88' lang='lat' dir='ltr'><strong>arcte</strong></span> <span class='ocrx_word' id='word_1_72' title='bbox 1822 1583 2153 1683; x_wconf 89' lang='lat' dir='ltr'><strong>coniungi</strong></span> <span class='ocrx_word' id='word_1_73' title='bbox 2215 1585 2470 1672; x_wconf 90' lang='lat' dir='ltr'><strong>voluit,</strong></span> <span class='ocrx_word' id='word_1_74' title='bbox 2549 1583 2625 1657; x_wconf 91' lang='lat' dir='ltr'><strong>id</strong></span> <span class='ocrx_word' id='word_1_75' title='bbox 2688 1609 2778 1658; x_wconf 90' lang='lat' dir='ltr'><strong>ne</strong></span> <span class='ocrx_word' id='word_1_76' title='bbox 2832 1584 3072 1658; x_wconf 86' lang='lat' dir='ltr'><strong>leviter</strong></span> <span class='ocrx_word' id='word_1_77' title='bbox 3129 1591 3200 1657; x_wconf 89' lang='lat' dir='ltr'><strong>et</strong></span> <span class='ocrx_word' id='word_1_78' title='bbox 3266 1584 3546 1659; x_wconf 90' lang='lat' dir='ltr'><strong>incaute</strong></span> <span class='ocrx_word' id='word_1_79' title='bbox 3607 1584 3980 1659; x_wconf 89' lang='lat' dir='ltr'><strong>dissolvere</strong></span> <span class='ocrx_word' id='word_1_80' title='bbox 4039 1592 4112 1659; x_wconf 92' lang='lat' dir='ltr'><strong>et</strong></span> 
     </span>
     <span class='ocr_line' id='line_1_9' title="bbox 1041 1703 4106 1805; baseline -0.001 -24"><span class='ocrx_word' id='word_1_81' title='bbox 1041 1729 1355 1805; x_wconf 89' lang='lat' dir='ltr'><strong>separare</strong></span> <span class='ocrx_word' id='word_1_82' title='bbox 1398 1706 1742 1780; x_wconf 88' lang='lat' dir='ltr'><strong>sustineat</strong></span> <span class='ocrx_word' id='word_1_83' title='bbox 1789 1705 2097 1779; x_wconf 89' lang='lat' dir='ltr'><strong>humana</strong></span> <span class='ocrx_word' id='word_1_84' title='bbox 2140 1704 2430 1779; x_wconf 86' lang='lat' dir='ltr'><strong>audacia</strong></span> <span class='ocrx_word' id='word_1_85' title='bbox 2453 1762 2472 1792; x_wconf 94' lang='lat'><strong>,</strong></span> <span class='ocrx_word' id='word_1_86' title='bbox 2527 1703 2854 1779; x_wconf 89' lang='lat' dir='ltr'><strong>Societati</strong></span> <span class='ocrx_word' id='word_1_87' title='bbox 2898 1703 3334 1779; x_wconf 87' lang='lat' dir='ltr'><strong>Christianae</strong></span> <span class='ocrx_word' id='word_1_88' title='bbox 3377 1728 3792 1805; x_wconf 87' lang='lat' dir='ltr'><strong>praeparans</strong></span> <span class='ocrx_word' id='word_1_89' title='bbox 3849 1706 4106 1780; x_wconf 89' lang='lat' dir='ltr'><strong>lentam</strong></span> 
     </span>
     <span class='ocr_line' id='line_1_10' title="bbox 1042 1825 2132 1918; baseline 0.003 -18"><span class='ocrx_word' id='word_1_90' title='bbox 1042 1834 1113 1900; x_wconf 93' lang='lat' dir='ltr'><strong>et</strong></span> <span class='ocrx_word' id='word_1_91' title='bbox 1159 1825 1631 1901; x_wconf 90' lang='lat' dir='ltr'><strong>inevitabilem</strong></span> <span class='ocrx_word' id='word_1_92' title='bbox 1680 1826 1956 1900; x_wconf 90' lang='lat' dir='ltr'><strong>ruinam</strong></span> <span class='ocrx_word' id='word_1_93' title='bbox 2004 1826 2132 1918; x_wconf 78' lang='lat'><strong>⁶³).</strong></span> 
     </span>
    </p>
   </div>
   <div class='ocr_carea' id='block_1_3' title="bbox 1028 2063 4112 4920">
    <p class='ocr_par' dir='ltr' id='par_1_3' title="bbox 1028 2063 4112 3605">
     <span class='ocr_line' id='line_1_11' title="bbox 1136 2063 4105 2163; baseline -0 -23"><span class='ocrx_word' id='word_1_94' title='bbox 1136 2066 1409 2140; x_wconf 89' lang='lat' dir='ltr'><strong>Cuncta</strong></span> <span class='ocrx_word' id='word_1_95' title='bbox 1444 2063 1881 2163; x_wconf 85' lang='lat' dir='ltr'><strong>paucissimis</strong></span> <span class='ocrx_word' id='word_1_96' title='bbox 1920 2063 2355 2163; x_wconf 89' lang='lat' dir='ltr'><strong>complectar.</strong></span> <span class='ocrx_word' id='word_1_97' title='bbox 2453 2063 2729 2143; x_wconf 85' lang='lat' dir='ltr'><strong>Quodsi</strong></span> <span class='ocrx_word' id='word_1_98' title='bbox 2768 2063 2944 2138; x_wconf 88' lang='lat' dir='ltr'><strong>forte</strong></span> <span class='ocrx_word' id='word_1_99' title='bbox 2986 2063 3285 2139; x_wconf 89' lang='lat' dir='ltr'><strong>nimium</strong></span> <span class='ocrx_word' id='word_1_100' title='bbox 3327 2063 3700 2139; x_wconf 89' lang='lat' dir='ltr'><strong>Historicis</strong></span> <span class='ocrx_word' id='word_1_101' title='bbox 3740 2088 4105 2163; x_wconf 88' lang='lat' dir='ltr'><strong>argumen-</strong></span> 
     </span>
     <span class='ocr_line' id='line_1_12' title="bbox 1036 2183 4108 2285; baseline 0 -26"><span class='ocrx_word' id='word_1_102' title='bbox 1036 2185 1131 2259; x_wconf 85' lang='lat' dir='ltr'><strong>tis</strong></span> <span class='ocrx_word' id='word_1_103' title='bbox 1194 2184 1443 2258; x_wconf 87' lang='lat' dir='ltr'><strong>tribuit</strong></span> <span class='ocrx_word' id='word_1_104' title='bbox 1486 2184 1835 2283; x_wconf 89' lang='lat' dir='ltr'><strong>antiquior</strong></span> <span class='ocrx_word' id='word_1_105' title='bbox 1876 2190 2104 2273; x_wconf 89' lang='lat' dir='ltr'><strong>aetas,</strong></span> <span class='ocrx_word' id='word_1_106' title='bbox 2171 2208 2361 2258; x_wconf 92' lang='lat' dir='ltr'><strong>nunc</strong></span> <span class='ocrx_word' id='word_1_107' title='bbox 2412 2183 2796 2259; x_wconf 89' lang='lat' dir='ltr'><strong>admodum</strong></span> <span class='ocrx_word' id='word_1_108' title='bbox 2841 2210 3113 2274; x_wconf 86' lang='lat' dir='ltr'><strong>vereor,</strong></span> <span class='ocrx_word' id='word_1_109' title='bbox 3180 2211 3270 2260; x_wconf 92' lang='lat' dir='ltr'><strong>ne</strong></span> <span class='ocrx_word' id='word_1_110' title='bbox 3313 2194 3633 2285; x_wconf 77' lang='lat' dir='ltr'><strong>tempuS,</strong></span> <span class='ocrx_word' id='word_1_111' title='bbox 3703 2186 3895 2285; x_wconf 83' lang='lat' dir='ltr'><strong>quod</strong></span> <span class='ocrx_word' id='word_1_112' title='bbox 3943 2186 4108 2261; x_wconf 86' lang='lat' dir='ltr'><strong>vivi·</strong></span> 
     </span>
     <span class='ocr_line' id='line_1_13' title="bbox 1035 2304 4109 2405; baseline 0 -26"><span class='ocrx_word' id='word_1_113' title='bbox 1035 2329 1198 2379; x_wconf 91' lang='lat' dir='ltr'><strong>mus</strong></span> <span class='ocrx_word' id='word_1_114' title='bbox 1219 2363 1240 2393; x_wconf 96' lang='lat'><strong>,</strong></span> <span class='ocrx_word' id='word_1_115' title='bbox 1302 2304 1595 2379; x_wconf 89' lang='lat' dir='ltr'><strong>irruenti</strong></span> <span class='ocrx_word' id='word_1_116' title='bbox 1644 2304 2095 2402; x_wconf 90' lang='lat' dir='ltr'><strong>Scepticismo</strong></span> <span class='ocrx_word' id='word_1_117' title='bbox 2141 2304 2351 2378; x_wconf 90' lang='lat' dir='ltr'><strong>nimis</strong></span> <span class='ocrx_word' id='word_1_118' title='bbox 2401 2304 2634 2381; x_wconf 86' lang='lat' dir='ltr'><strong>faciles</strong></span> <span class='ocrx_word' id='word_1_119' title='bbox 2681 2304 3023 2403; x_wconf 90' lang='lat' dir='ltr'><strong>praebens</strong></span> <span class='ocrx_word' id='word_1_120' title='bbox 3065 2331 3266 2380; x_wconf 87' lang='lat' dir='ltr'><strong>aures</strong></span> <span class='ocrx_word' id='word_1_121' title='bbox 3288 2365 3309 2394; x_wconf 95' lang='lat'><strong>,</strong></span> <span class='ocrx_word' id='word_1_122' title='bbox 3371 2306 3755 2380; x_wconf 85' lang='lat' dir='ltr'><strong>Historiam</strong></span> <span class='ocrx_word' id='word_1_123' title='bbox 3778 2364 3798 2395; x_wconf 94' lang='lat'><em>‚</em></span> <span class='ocrx_word' id='word_1_124' title='bbox 3867 2313 4109 2405; x_wconf 88' lang='lat' dir='ltr'><strong>utpote</strong></span> 
     </span>
     <span class='ocr_line' id='line_1_14' title="bbox 1029 2422 4107 2527; baseline 0.001 -28"><span class='ocrx_word' id='word_1_125' title='bbox 1029 2426 1367 2499; x_wconf 89' lang='lat' dir='ltr'><strong>incertam</strong></span> <span class='ocrx_word' id='word_1_126' title='bbox 1436 2433 1647 2524; x_wconf 90' lang='lat' dir='ltr'><strong>atque</strong></span> <span class='ocrx_word' id='word_1_127' title='bbox 1718 2423 1808 2498; x_wconf 91' lang='lat' dir='ltr'><strong>ad</strong></span> <span class='ocrx_word' id='word_1_128' title='bbox 1882 2422 2283 2525; x_wconf 74' lang='grc' dir='ltr'><em>ἀδιάφορα</em></span> <span class='ocrx_word' id='word_1_129' title='bbox 2350 2424 2777 2500; x_wconf 84' lang='lat' dir='ltr'><strong>referendam</strong></span> <span class='ocrx_word' id='word_1_130' title='bbox 2802 2484 2823 2514; x_wconf 96' lang='lat'><strong>,</strong></span> <span class='ocrx_word' id='word_1_131' title='bbox 2897 2449 3148 2523; x_wconf 90' lang='lat' dir='ltr'><strong>parum</strong></span> <span class='ocrx_word' id='word_1_132' title='bbox 3215 2432 3412 2500; x_wconf 90' lang='lat' dir='ltr'><strong>curet</strong></span> <span class='ocrx_word' id='word_1_133' title='bbox 3433 2484 3454 2513; x_wconf 89' lang='lat'><strong>,</strong></span> <span class='ocrx_word' id='word_1_134' title='bbox 3527 2450 4107 2527; x_wconf 86' lang='lat' dir='ltr'><strong>germanamque,</strong></span> 
     </span>
     <span class='ocr_line' id='line_1_15' title="bbox 1031 2543 4109 2644; baseline 0.001 -25"><span class='ocrx_word' id='word_1_135' title='bbox 1031 2545 1082 2621; x_wconf 89' lang='lat' dir='ltr'><strong>i.</strong></span> <span class='ocrx_word' id='word_1_136' title='bbox 1130 2570 1190 2621; x_wconf 91' lang='lat' dir='ltr'><strong>e.</strong></span> <span class='ocrx_word' id='word_1_137' title='bbox 1242 2545 1666 2620; x_wconf 90' lang='lat' dir='ltr'><strong>Historicam</strong></span> <span class='ocrx_word' id='word_1_138' title='bbox 1688 2604 1709 2634; x_wconf 97' lang='lat'><strong>,</strong></span> <span class='ocrx_word' id='word_1_139' title='bbox 1776 2544 2130 2643; x_wconf 84' lang='lat' dir='ltr'><strong>religionis</strong></span> <span class='ocrx_word' id='word_1_140' title='bbox 2184 2544 2620 2619; x_wconf 87' lang='lat' dir='ltr'><strong>Christianae</strong></span> <span class='ocrx_word' id='word_1_141' title='bbox 2671 2543 2978 2619; x_wconf 90' lang='lat' dir='ltr'><strong>indolem</strong></span> <span class='ocrx_word' id='word_1_142' title='bbox 3026 2545 3251 2644; x_wconf 90' lang='lat' dir='ltr'><strong>magis</strong></span> <span class='ocrx_word' id='word_1_143' title='bbox 3298 2545 3662 2643; x_wconf 87' lang='lat' dir='ltr'><strong>magisque</strong></span> <span class='ocrx_word' id='word_1_144' title='bbox 3711 2554 4109 2621; x_wconf 89' lang='lat' dir='ltr'><strong>contemnat</strong></span> 
     </span>
     <span class='ocr_line' id='line_1_16' title="bbox 1034 2662 4106 2764; baseline 0.001 -26"><span class='ocrx_word' id='word_1_145' title='bbox 1034 2671 1105 2739; x_wconf 88' lang='lat' dir='ltr'><strong>et</strong></span> <span class='ocrx_word' id='word_1_146' title='bbox 1151 2663 1461 2763; x_wconf 89' lang='lat' dir='ltr'><strong>negligat</strong></span> <span class='ocrx_word' id='word_1_147' title='bbox 1476 2698 1495 2753; x_wconf 91' lang='lat'>;</span> <span class='ocrx_word' id='word_1_148' title='bbox 1561 2664 1789 2763; x_wconf 89' lang='lat' dir='ltr'><strong>quod,</strong></span> <span class='ocrx_word' id='word_1_149' title='bbox 1838 2664 2030 2739; x_wconf 93' lang='lat' dir='ltr'><strong>haud</strong></span> <span class='ocrx_word' id='word_1_150' title='bbox 2080 2664 2228 2738; x_wconf 89' lang='lat' dir='ltr'><strong>sine</strong></span> <span class='ocrx_word' id='word_1_151' title='bbox 2272 2664 2682 2764; x_wconf 87' lang='lat' dir='ltr'><strong>gravissimo</strong></span> <span class='ocrx_word' id='word_1_152' title='bbox 2730 2663 2988 2737; x_wconf 90' lang='lat' dir='ltr'><strong>damno</strong></span> <span class='ocrx_word' id='word_1_153' title='bbox 3027 2662 3380 2762; x_wconf 87' lang='lat' dir='ltr'><strong>religionis</strong></span> <span class='ocrx_word' id='word_1_154' title='bbox 3434 2662 3870 2739; x_wconf 85' lang='lat' dir='ltr'><strong>Christianae</strong></span> <span class='ocrx_word' id='word_1_155' title='bbox 3920 2667 4106 2764; x_wconf 85' lang='lat' dir='ltr'><strong>Apo-</strong></span> 
     </span>
     <span class='ocr_line' id='line_1_17' title="bbox 1034 2782 4110 2885; baseline -0 -25"><span class='ocrx_word' id='word_1_156' title='bbox 1034 2785 1295 2885; x_wconf 88' lang='lat' dir='ltr'><strong>logiae‚</strong></span> <span class='ocrx_word' id='word_1_157' title='bbox 1368 2786 1730 2859; x_wconf 91' lang='lat' dir='ltr'><strong>hominum</strong></span> <span class='ocrx_word' id='word_1_158' title='bbox 1802 2784 2254 2859; x_wconf 89' lang='lat' dir='ltr'><strong>consolationi</strong></span> <span class='ocrx_word' id='word_1_159' title='bbox 2326 2792 2398 2858; x_wconf 92' lang='lat' dir='ltr'><strong>et</strong></span> <span class='ocrx_word' id='word_1_160' title='bbox 2476 2783 2985 2871; x_wconf 91' lang='lat' dir='ltr'><strong>emendationi,</strong></span> <span class='ocrx_word' id='word_1_161' title='bbox 3055 2782 3195 2881; x_wconf 89' lang='lat' dir='ltr'><strong>ipsi</strong></span> <span class='ocrx_word' id='word_1_162' title='bbox 3259 2783 3610 2859; x_wconf 87' lang='lat' dir='ltr'><strong>Ecclesiae</strong></span> <span class='ocrx_word' id='word_1_163' title='bbox 3655 2782 3848 2858; x_wconf 86' lang='lat' dir='ltr'><strong>illato</strong></span> <span class='ocrx_word' id='word_1_164' title='bbox 3865 2845 3887 2875; x_wconf 93' lang='lat'><strong>,</strong></span> <span class='ocrx_word' id='word_1_165' title='bbox 3959 2784 4110 2859; x_wconf 85' lang='lat' dir='ltr'><strong>fieri</strong></span> 
     </span>
     <span class='ocr_line' id='line_1_18' title="bbox 1029 2902 4110 3004; baseline 0 -25"><span class='ocrx_word' id='word_1_166' title='bbox 1029 2930 1233 3004; x_wconf 90' lang='lat' dir='ltr'><strong>posse</strong></span> <span class='ocrx_word' id='word_1_167' title='bbox 1258 2964 1279 2994; x_wconf 95' lang='lat'><strong>,</strong></span> <span class='ocrx_word' id='word_1_168' title='bbox 1349 2929 1539 2979; x_wconf 90' lang='lat' dir='ltr'><strong>nunc</strong></span> <span class='ocrx_word' id='word_1_169' title='bbox 1607 2904 1914 2978; x_wconf 88' lang='lat' dir='ltr'><strong>effecisse</strong></span> <span class='ocrx_word' id='word_1_170' title='bbox 1982 2903 2158 2977; x_wconf 92' lang='lat' dir='ltr'><strong>mihi</strong></span> <span class='ocrx_word' id='word_1_171' title='bbox 2226 2903 2482 2979; x_wconf 86' lang='lat' dir='ltr'><strong>videor.</strong></span> <span class='ocrx_word' id='word_1_172' title='bbox 2597 2903 2954 2978; x_wconf 90' lang='lat' dir='ltr'><strong>Nimirum</strong></span> <span class='ocrx_word' id='word_1_173' title='bbox 2971 2962 2992 2992; x_wconf 95' lang='lat'><strong>,</strong></span> <span class='ocrx_word' id='word_1_174' title='bbox 3061 2902 3408 3002; x_wconf 91' lang='lat' dir='ltr'><strong>quidquid</strong></span> <span class='ocrx_word' id='word_1_175' title='bbox 3461 2903 3958 2979; x_wconf 89' lang='lat' dir='ltr'><strong>vindicandum</strong></span> <span class='ocrx_word' id='word_1_176' title='bbox 4003 2904 4110 2981; x_wconf 88' lang='lat' dir='ltr'><strong>vel</strong></span> 
     </span>
     <span class='ocr_line' id='line_1_19' title="bbox 1028 3022 4112 3125; baseline 0.002 -28"><span class='ocrx_word' id='word_1_177' title='bbox 1028 3023 1486 3099; x_wconf 89' lang='lat' dir='ltr'><strong>reiiciendum</strong></span> <span class='ocrx_word' id='word_1_178' title='bbox 1560 3031 1871 3099; x_wconf 87' lang='lat' dir='ltr'><strong>statuant</strong></span> <span class='ocrx_word' id='word_1_179' title='bbox 1942 3022 2274 3123; x_wconf 86' lang='lat' dir='ltr'><strong>Theologi</strong></span> <span class='ocrx_word' id='word_1_180' title='bbox 2300 3081 2320 3112; x_wconf 94' lang='lat'><strong>,</strong></span> <span class='ocrx_word' id='word_1_181' title='bbox 2396 3024 2528 3099; x_wconf 91' lang='lat' dir='ltr'><strong>hoc</strong></span> <span class='ocrx_word' id='word_1_182' title='bbox 2598 3024 2802 3099; x_wconf 89' lang='lat' dir='ltr'><strong>velim</strong></span> <span class='ocrx_word' id='word_1_183' title='bbox 2873 3023 3090 3125; x_wconf 88' lang='lat' dir='ltr'><strong>probe</strong></span> <span class='ocrx_word' id='word_1_184' title='bbox 3156 3033 3483 3116; x_wconf 90' lang='lat' dir='ltr'><strong>teneant,</strong></span> <span class='ocrx_word' id='word_1_185' title='bbox 3547 3024 3622 3100; x_wconf 89' lang='lat' dir='ltr'><strong>in</strong></span> <span class='ocrx_word' id='word_1_186' title='bbox 3695 3024 4112 3125; x_wconf 85' lang='lat' dir='ltr'><strong>Theologica</strong></span> 
     </span>
     <span class='ocr_line' id='line_1_20' title="bbox 1033 3143 4109 3245; baseline 0.002 -29"><span class='ocrx_word' id='word_1_187' title='bbox 1033 3143 1437 3242; x_wconf 88' lang='lat' dir='ltr'><strong>disciplina,</strong></span> <span class='ocrx_word' id='word_1_188' title='bbox 1488 3169 1708 3243; x_wconf 91' lang='lat' dir='ltr'><strong>aeque</strong></span> <span class='ocrx_word' id='word_1_189' title='bbox 1752 3143 1826 3217; x_wconf 91' lang='lat' dir='ltr'><strong>in</strong></span> <span class='ocrx_word' id='word_1_190' title='bbox 1878 3143 2312 3244; x_wconf 88' lang='lat' dir='ltr'><strong>Dogmaticis</strong></span> <span class='ocrx_word' id='word_1_191' title='bbox 2362 3151 2436 3218; x_wconf 87' lang='lat' dir='ltr'><strong>et</strong></span> <span class='ocrx_word' id='word_1_192' title='bbox 2479 3143 2746 3219; x_wconf 88' lang='lat' dir='ltr'><strong>Ethicis</strong></span> <span class='ocrx_word' id='word_1_193' title='bbox 2791 3169 2870 3219; x_wconf 89' lang='lat' dir='ltr'><strong>ac</strong></span> <span class='ocrx_word' id='word_1_194' title='bbox 2923 3145 2996 3218; x_wconf 95' lang='lat' dir='ltr'><strong>in</strong></span> <span class='ocrx_word' id='word_1_195' title='bbox 3045 3145 3519 3245; x_wconf 84' lang='lat' dir='ltr'><strong>Apologeticis</strong></span> <span class='ocrx_word' id='word_1_196' title='bbox 3543 3205 3562 3235; x_wconf 94' lang='lat'><strong>,</strong></span> <span class='ocrx_word' id='word_1_197' title='bbox 3615 3145 3784 3221; x_wconf 89' lang='lat' dir='ltr'><strong>satis</strong></span> <span class='ocrx_word' id='word_1_198' title='bbox 3833 3146 4109 3221; x_wconf 88' lang='lat' dir='ltr'><strong>firmam</strong></span> 
     </span>
     <span class='ocr_line' id='line_1_21' title="bbox 1028 3262 4106 3366; baseline -0 -27"><span class='ocrx_word' id='word_1_199' title='bbox 1028 3263 1231 3339; x_wconf 84' lang='lat' dir='ltr'><strong>basin</strong></span> <span class='ocrx_word' id='word_1_200' title='bbox 1294 3264 1718 3340; x_wconf 87' lang='lat' dir='ltr'><strong>Historicam</strong></span> <span class='ocrx_word' id='word_1_201' title='bbox 1784 3263 2198 3364; x_wconf 89' lang='lat' dir='ltr'><strong>neutiquam</strong></span> <span class='ocrx_word' id='word_1_202' title='bbox 2260 3289 2464 3364; x_wconf 90' lang='lat' dir='ltr'><strong>posse</strong></span> <span class='ocrx_word' id='word_1_203' title='bbox 2533 3262 2928 3339; x_wconf 88' lang='lat' dir='ltr'><strong>desiderari.</strong></span> <span class='ocrx_word' id='word_1_204' title='bbox 3029 3265 3248 3342; x_wconf 85' lang='lat' dir='ltr'><strong>Quod</strong></span> <span class='ocrx_word' id='word_1_205' title='bbox 3303 3290 3466 3341; x_wconf 92' lang='lat' dir='ltr'><strong>cum</strong></span> <span class='ocrx_word' id='word_1_206' title='bbox 3517 3265 3698 3340; x_wconf 91' lang='lat' dir='ltr'><strong>bene</strong></span> <span class='ocrx_word' id='word_1_207' title='bbox 3741 3289 4106 3366; x_wconf 83' lang='lat' dir='ltr'><strong>perspexe-</strong></span> 
     </span>
     <span class='ocr_line' id='line_1_22' title="bbox 1029 3383 4108 3485; baseline 0 -26"><span class='ocrx_word' id='word_1_208' title='bbox 1029 3384 1203 3459; x_wconf 90' lang='lat' dir='ltr'><strong>rint·</strong></span> <span class='ocrx_word' id='word_1_209' title='bbox 1238 3385 1573 3485; x_wconf 86' lang='lat' dir='ltr'><strong>Theologi</strong></span> <span class='ocrx_word' id='word_1_210' title='bbox 1622 3386 2107 3484; x_wconf 87' lang='lat' dir='ltr'><strong>Tubingenses</strong></span> <span class='ocrx_word' id='word_1_211' title='bbox 2131 3444 2152 3474; x_wconf 96' lang='lat'><strong>,</strong></span> <span class='ocrx_word' id='word_1_212' title='bbox 2216 3384 2294 3459; x_wconf 93' lang='lat' dir='ltr'><strong>id</strong></span> <span class='ocrx_word' id='word_1_213' title='bbox 2350 3391 2690 3484; x_wconf 86' lang='lat' dir='ltr'><strong>egerunt,</strong></span> <span class='ocrx_word' id='word_1_214' title='bbox 2753 3394 2836 3459; x_wconf 87' lang='lat' dir='ltr'><strong>ut</strong></span> <span class='ocrx_word' id='word_1_215' title='bbox 2882 3408 3060 3459; x_wconf 86' lang='lat' dir='ltr'><strong>novo</strong></span> <span class='ocrx_word' id='word_1_216' title='bbox 3111 3411 3156 3460; x_wconf 90' lang='lat' dir='ltr'><strong>a</strong></span> <span class='ocrx_word' id='word_1_217' title='bbox 3205 3409 3280 3460; x_wconf 86' lang='lat' dir='ltr'><strong>se</strong></span> <span class='ocrx_word' id='word_1_218' title='bbox 3327 3385 3748 3461; x_wconf 87' lang='lat' dir='ltr'><strong>exstruendo</strong></span> <span class='ocrx_word' id='word_1_219' title='bbox 3797 3383 4108 3462; x_wconf 86' lang='lat' dir='ltr'><strong>aedificio</strong></span> 
     </span>
     <span class='ocr_line' id='line_1_23' title="bbox 1032 3503 3762 3605; baseline -0 -24"><span class='ocrx_word' id='word_1_220' title='bbox 1032 3530 1120 3581; x_wconf 86' lang='lat' dir='ltr'><strong>ex</strong></span> <span class='ocrx_word' id='word_1_221' title='bbox 1166 3503 1389 3605; x_wconf 90' lang='lat' dir='ltr'><strong>ipsius</strong></span> <span class='ocrx_word' id='word_1_222' title='bbox 1427 3505 1782 3581; x_wconf 88' lang='lat' dir='ltr'><strong>Historiae</strong></span> <span class='ocrx_word' id='word_1_223' title='bbox 1829 3505 2201 3586; x_wconf 87' lang='lat' dir='ltr'><strong>ruderibus</strong></span> <span class='ocrx_word' id='word_1_224' title='bbox 2249 3529 2501 3580; x_wconf 89' lang='lat' dir='ltr'><strong>novam</strong></span> <span class='ocrx_word' id='word_1_225' title='bbox 2558 3505 2935 3603; x_wconf 88' lang='lat' dir='ltr'><strong>quamdam</strong></span> <span class='ocrx_word' id='word_1_226' title='bbox 2991 3504 3126 3579; x_wconf 89' lang='lat' dir='ltr'><strong>sibi</strong></span> <span class='ocrx_word' id='word_1_227' title='bbox 3172 3505 3372 3580; x_wconf 91' lang='lat' dir='ltr'><strong>basin</strong></span> <span class='ocrx_word' id='word_1_228' title='bbox 3423 3513 3762 3581; x_wconf 83' lang='lat' dir='ltr'><strong>eruerent.</strong></span> 
     </span>
    </p>

    <p class='ocr_par' dir='ltr' id='par_1_4' title="bbox 1033 3622 4108 4920">
     <span class='ocr_line' id='line_1_24' title="bbox 1050 3622 4106 3725; baseline -0.002 -24"><span class='ocrx_word' id='word_1_229' title='bbox 1050 3653 1062 3664; x_wconf 89' lang='lat'><strong>·</strong></span> <span class='ocrx_word' id='word_1_230' title='bbox 1130 3624 1348 3702; x_wconf 85' lang='lat' dir='ltr'><strong>Quod</strong></span> <span class='ocrx_word' id='word_1_231' title='bbox 1397 3625 1746 3723; x_wconf 89' lang='lat' dir='ltr'><strong>reliquum</strong></span> <span class='ocrx_word' id='word_1_232' title='bbox 1794 3632 1901 3699; x_wconf 88' lang='lat' dir='ltr'><strong>est</strong></span> <span class='ocrx_word' id='word_1_233' title='bbox 1924 3683 1943 3714; x_wconf 91' lang='lat'><strong>,</strong></span> <span class='ocrx_word' id='word_1_234' title='bbox 2012 3627 2101 3701; x_wconf 89' lang='lat' dir='ltr'><strong>A.</strong></span> <span class='ocrx_word' id='word_1_235' title='bbox 2153 3625 2280 3701; x_wconf 59' lang='grc' dir='ltr'><strong>ΑΛ</strong></span> <span class='ocrx_word' id='word_1_236' title='bbox 2348 3625 2760 3724; x_wconf 88' lang='lat' dir='ltr'><strong>praeteriere</strong></span> <span class='ocrx_word' id='word_1_237' title='bbox 2807 3626 2926 3700; x_wconf 87' lang='lat' dir='ltr'><strong>isti</strong></span> <span class='ocrx_word' id='word_1_238' title='bbox 2975 3625 3124 3700; x_wconf 90' lang='lat' dir='ltr'><strong>dies</strong></span> <span class='ocrx_word' id='word_1_239' title='bbox 3144 3683 3164 3714; x_wconf 93' lang='lat'><em>‚</em></span> <span class='ocrx_word' id='word_1_240' title='bbox 3229 3651 3526 3725; x_wconf 90' lang='lat' dir='ltr'><strong>quorum</strong></span> <span class='ocrx_word' id='word_1_241' title='bbox 3581 3625 3812 3700; x_wconf 83' lang='lat' dir='ltr'><strong>horret</strong></span> <span class='ocrx_word' id='word_1_242' title='bbox 3865 3622 4106 3697; x_wconf 89' lang='lat' dir='ltr'><strong>memi-</strong></span> 
     </span>
     <span class='ocr_line' id='line_1_25' title="bbox 1033 3741 4106 3844; baseline 0 -28"><span class='ocrx_word' id='word_1_243' title='bbox 1033 3743 1223 3817; x_wconf 86' lang='lat' dir='ltr'><strong>nisse</strong></span> <span class='ocrx_word' id='word_1_244' title='bbox 1243 3801 1264 3832; x_wconf 96' lang='lat'><strong>,</strong></span> <span class='ocrx_word' id='word_1_245' title='bbox 1316 3767 1615 3842; x_wconf 90' lang='lat' dir='ltr'><strong>quorum</strong></span> <span class='ocrx_word' id='word_1_246' title='bbox 1664 3743 2045 3820; x_wconf 82' lang='lat' dir='ltr'><strong>recordatio</strong></span> <span class='ocrx_word' id='word_1_247' title='bbox 2098 3744 2367 3819; x_wconf 90' lang='lat' dir='ltr'><strong>utinam</strong></span> <span class='ocrx_word' id='word_1_248' title='bbox 2415 3753 2693 3820; x_wconf 91' lang='lat' dir='ltr'><strong>aeterna</strong></span> <span class='ocrx_word' id='word_1_249' title='bbox 2739 3745 3106 3821; x_wconf 90' lang='lat' dir='ltr'><strong>oblivionis</strong></span> <span class='ocrx_word' id='word_1_250' title='bbox 3154 3753 3510 3844; x_wconf 88' lang='lat' dir='ltr'><strong>prematur</strong></span> <span class='ocrx_word' id='word_1_251' title='bbox 3556 3751 3796 3832; x_wconf 89' lang='lat' dir='ltr'><strong>nocte,</strong></span> <span class='ocrx_word' id='word_1_252' title='bbox 3848 3741 4106 3841; x_wconf 90' lang='lat' dir='ltr'><strong>quibus</strong></span> 
     </span>
     <span class='ocr_line' id='line_1_26' title="bbox 1036 3859 4108 3961; baseline 0 -25"><span class='ocrx_word' id='word_1_253' title='bbox 1036 3859 1401 3949; x_wconf 89' lang='lat' dir='ltr'><strong>haeretici,</strong></span> <span class='ocrx_word' id='word_1_254' title='bbox 1468 3862 1593 3961; x_wconf 91' lang='lat' dir='ltr'><strong>qui</strong></span> <span class='ocrx_word' id='word_1_255' title='bbox 1640 3861 2051 3937; x_wconf 85' lang='lat' dir='ltr'><strong>dicebantur</strong></span> <span class='ocrx_word' id='word_1_256' title='bbox 2070 3919 2093 3952; x_wconf 92' lang='lat'><strong>,</strong></span> <span class='ocrx_word' id='word_1_257' title='bbox 2162 3861 2648 3937; x_wconf 82' lang='lat' dir='ltr'><strong>infensissimis</strong></span> <span class='ocrx_word' id='word_1_258' title='bbox 2695 3863 3075 3938; x_wconf 87' lang='lat' dir='ltr'><strong>Christiani</strong></span> <span class='ocrx_word' id='word_1_259' title='bbox 3138 3865 3440 3940; x_wconf 86' lang='lat' dir='ltr'><strong>nominis</strong></span> <span class='ocrx_word' id='word_1_260' title='bbox 3491 3863 3812 3939; x_wconf 89' lang='lat' dir='ltr'><strong>hostibus</strong></span> <span class='ocrx_word' id='word_1_261' title='bbox 3870 3863 4108 3937; x_wconf 85' lang='lat' dir='ltr'><strong>statim</strong></span> 
     </span>
     <span class='ocr_line' id='line_1_27' title="bbox 1038 3964 4105 4084; baseline 0 -28"><span class='ocrx_word' id='word_1_262' title='bbox 1038 3978 1667 4079; x_wconf 86' lang='lat' dir='ltr'><strong>aequiparabantur</strong></span> <span class='ocrx_word' id='word_1_263' title='bbox 1683 4039 1704 4069; x_wconf 95' lang='lat'><strong>,</strong></span> <span class='ocrx_word' id='word_1_264' title='bbox 1754 3979 2486 4058; x_wconf 86' lang='lat' dir='ltr'><strong>excommunicationis</strong></span> <span class='ocrx_word' id='word_1_265' title='bbox 2535 3983 2975 4058; x_wconf 88' lang='lat' dir='ltr'><strong>anathemate</strong></span> <span class='ocrx_word' id='word_1_266' title='bbox 2990 4042 3010 4073; x_wconf 93' lang='lat'><strong>,</strong></span> <span class='ocrx_word' id='word_1_267' title='bbox 3063 3984 3171 4059; x_wconf 89' lang='lat' dir='ltr'><strong>vel</strong></span> <span class='ocrx_word' id='word_1_268' title='bbox 3214 3984 3426 4059; x_wconf 89' lang='lat' dir='ltr'><strong>etiam</strong></span> <span class='ocrx_word' id='word_1_269' title='bbox 3467 3964 3904 4084; x_wconf 68' lang='lat' dir='ltr'><strong>gravioribus</strong></span> <span class='ocrx_word' id='word_1_270' title='bbox 3943 4005 4105 4080; x_wconf 88' lang='lat' dir='ltr'><strong>poe·</strong></span> 
     </span>
     <span class='ocr_line' id='line_1_28' title="bbox 1036 4097 4107 4204; baseline 0 -31"><span class='ocrx_word' id='word_1_271' title='bbox 1036 4098 1151 4173; x_wconf 90' lang='lat' dir='ltr'><strong>nis</strong></span> <span class='ocrx_word' id='word_1_272' title='bbox 1225 4097 1535 4175; x_wconf 88' lang='lat' dir='ltr'><strong>feriendi.</strong></span> <span class='ocrx_word' id='word_1_273' title='bbox 1654 4101 1905 4200; x_wconf 90' lang='lat' dir='ltr'><strong>Neque</strong></span> <span class='ocrx_word' id='word_1_274' title='bbox 1972 4101 2035 4176; x_wconf 86' lang='lat' dir='ltr'><strong>is</strong></span> <span class='ocrx_word' id='word_1_275' title='bbox 2098 4127 2229 4204; x_wconf 87' lang='lat' dir='ltr'><strong>ego</strong></span> <span class='ocrx_word' id='word_1_276' title='bbox 2302 4128 2455 4178; x_wconf 89' lang='lat' dir='ltr'><strong>sum</strong></span> <span class='ocrx_word' id='word_1_277' title='bbox 2484 4162 2503 4192; x_wconf 94' lang='lat'><strong>,</strong></span> <span class='ocrx_word' id='word_1_278' title='bbox 2579 4102 2704 4201; x_wconf 90' lang='lat' dir='ltr'><strong>qui</strong></span> <span class='ocrx_word' id='word_1_279' title='bbox 2765 4103 2872 4176; x_wconf 86' lang='lat' dir='ltr'><strong>vel</strong></span> <span class='ocrx_word' id='word_1_280' title='bbox 2939 4103 3160 4178; x_wconf 90' lang='lat' dir='ltr'><strong>ullum</strong></span> <span class='ocrx_word' id='word_1_281' title='bbox 3226 4101 3658 4202; x_wconf 81' lang='lat' dir='ltr'><strong>Theologum</strong></span> <span class='ocrx_word' id='word_1_282' title='bbox 3677 4161 3696 4191; x_wconf 94' lang='lat'><strong>,</strong></span> <span class='ocrx_word' id='word_1_283' title='bbox 3767 4101 4107 4200; x_wconf 88' lang='lat' dir='ltr'><strong>quamdiu</strong></span> 
     </span>
     <span class='ocr_line' id='line_1_29' title="bbox 1036 4219 4104 4328; baseline 0.001 -35"><span class='ocrx_word' id='word_1_284' title='bbox 1036 4219 1189 4319; x_wconf 84' lang='lat' dir='ltr'><strong>ipse</strong></span> <span class='ocrx_word' id='word_1_285' title='bbox 1250 4220 1757 4297; x_wconf 88' lang='lat' dir='ltr'><strong>communionis</strong></span> <span class='ocrx_word' id='word_1_286' title='bbox 1826 4221 2177 4297; x_wconf 84' lang='lat' dir='ltr'><strong>vinculum</strong></span> <span class='ocrx_word' id='word_1_287' title='bbox 2244 4245 2568 4322; x_wconf 89' lang='lat' dir='ltr'><strong>rumpere</strong></span> <span class='ocrx_word' id='word_1_288' title='bbox 2634 4245 2774 4296; x_wconf 92' lang='lat' dir='ltr'><strong>non</strong></span> <span class='ocrx_word' id='word_1_289' title='bbox 2847 4223 3122 4328; x_wconf 78' lang='lat' dir='ltr'><strong>cupiat,</strong></span> <span class='ocrx_word' id='word_1_290' title='bbox 3190 4223 3742 4298; x_wconf 87' lang='lat' dir='ltr'><strong>Christianorum</strong></span> <span class='ocrx_word' id='word_1_291' title='bbox 3791 4244 4104 4296; x_wconf 85' lang='lat' dir='ltr'><strong>commu-</strong></span> 
     </span>
     <span class='ocr_line' id='line_1_30' title="bbox 1036 4338 4106 4442; baseline 0.001 -30"><span class='ocrx_word' id='word_1_292' title='bbox 1036 4338 1245 4413; x_wconf 92' lang='lat' dir='ltr'><strong>nione</strong></span> <span class='ocrx_word' id='word_1_293' title='bbox 1310 4364 1589 4439; x_wconf 88' lang='lat' dir='ltr'><strong>prorsus</strong></span> <span class='ocrx_word' id='word_1_294' title='bbox 1658 4341 2029 4440; x_wconf 89' lang='lat' dir='ltr'><strong>indignum</strong></span> <span class='ocrx_word' id='word_1_295' title='bbox 2096 4366 2436 4417; x_wconf 90' lang='lat' dir='ltr'><strong>censeam.</strong></span> <span class='ocrx_word' id='word_1_296' title='bbox 2537 4340 2830 4416; x_wconf 89' lang='lat' dir='ltr'><strong>Liberae</strong></span> <span class='ocrx_word' id='word_1_297' title='bbox 2884 4339 3239 4418; x_wconf 88' lang='lat' dir='ltr'><strong>Historiae</strong></span> <span class='ocrx_word' id='word_1_298' title='bbox 3307 4341 3818 4442; x_wconf 87' lang='lat' dir='ltr'><strong>disquisitioni,</strong></span> <span class='ocrx_word' id='word_1_299' title='bbox 3887 4340 4106 4416; x_wconf 88' lang='lat' dir='ltr'><strong>libero</strong></span> 
     </span>
     <span class='ocr_line' id='line_1_31' title="bbox 1038 4456 4108 4548; baseline 0.001 -16"><span class='ocrx_word' id='word_1_300' title='bbox 1038 4457 1347 4533; x_wconf 84' lang='lat' dir='ltr'><strong>veritatis</strong></span> <span class='ocrx_word' id='word_1_301' title='bbox 1414 4456 1719 4535; x_wconf 83' lang='lat' dir='ltr'><strong>examini</strong></span> <span class='ocrx_word' id='word_1_302' title='bbox 1776 4461 2052 4538; x_wconf 88' lang='lat' dir='ltr'><strong>nullum</strong></span> <span class='ocrx_word' id='word_1_303' title='bbox 2112 4461 2463 4536; x_wconf 88' lang='lat' dir='ltr'><strong>iniiciatur</strong></span> <span class='ocrx_word' id='word_1_304' title='bbox 2508 4460 2824 4537; x_wconf 80' lang='lat' dir='ltr'><strong>frenum!</strong></span> <span class='ocrx_word' id='word_1_305' title='bbox 2929 4462 3272 4538; x_wconf 89' lang='lat' dir='ltr'><strong>Scientiae</strong></span> <span class='ocrx_word' id='word_1_306' title='bbox 3317 4462 3458 4538; x_wconf 88' lang='lat' dir='ltr'><strong>veri</strong></span> <span class='ocrx_word' id='word_1_307' title='bbox 3505 4461 3807 4537; x_wconf 88' lang='lat' dir='ltr'><strong>nominis</strong></span> <span class='ocrx_word' id='word_1_308' title='bbox 3827 4518 3848 4548; x_wconf 95' lang='lat'><strong>,</strong></span> <span class='ocrx_word' id='word_1_309' title='bbox 3913 4459 4108 4536; x_wconf 87' lang='lat' dir='ltr'><strong>haud</strong></span> 
     </span>
     <span class='ocr_line' id='line_1_32' title="bbox 1035 4577 4104 4682; baseline 0 -28"><span class='ocrx_word' id='word_1_310' title='bbox 1035 4577 1285 4654; x_wconf 87' lang='lat' dir='ltr'><strong>audaci</strong></span> <span class='ocrx_word' id='word_1_311' title='bbox 1330 4585 1403 4654; x_wconf 86' lang='lat' dir='ltr'><strong>et</strong></span> <span class='ocrx_word' id='word_1_312' title='bbox 1448 4579 1820 4679; x_wconf 87' lang='lat' dir='ltr'><strong>superbae,</strong></span> <span class='ocrx_word' id='word_1_313' title='bbox 1873 4579 1997 4654; x_wconf 86' lang='lat' dir='ltr'><strong>sed</strong></span> <span class='ocrx_word' id='word_1_314' title='bbox 2042 4580 2397 4656; x_wconf 89' lang='lat' dir='ltr'><strong>modestae</strong></span> <span class='ocrx_word' id='word_1_315' title='bbox 2442 4581 2546 4654; x_wconf 90' lang='lat' dir='ltr'><strong>illi</strong></span> <span class='ocrx_word' id='word_1_316' title='bbox 2587 4605 2668 4656; x_wconf 88' lang='lat' dir='ltr'><strong>ac</strong></span> <span class='ocrx_word' id='word_1_317' title='bbox 2714 4605 2918 4656; x_wconf 87' lang='lat' dir='ltr'><strong>sanae</strong></span> <span class='ocrx_word' id='word_1_318' title='bbox 2938 4640 2959 4672; x_wconf 92' lang='lat'><strong>,</strong></span> <span class='ocrx_word' id='word_1_319' title='bbox 3009 4583 3302 4682; x_wconf 90' lang='lat' dir='ltr'><strong>Deoque</strong></span> <span class='ocrx_word' id='word_1_320' title='bbox 3344 4581 3514 4681; x_wconf 86' lang='lat' dir='ltr'><strong>ipsi,</strong></span> <span class='ocrx_word' id='word_1_321' title='bbox 3564 4603 3888 4679; x_wconf 86' lang='lat' dir='ltr'><strong>supremo</strong></span> <span class='ocrx_word' id='word_1_322' title='bbox 3929 4580 4104 4654; x_wconf 81' lang='lat' dir='ltr'><strong>veri·</strong></span> 
     </span>
     <span class='ocr_line' id='line_1_33' title="bbox 1036 4696 4104 4800; baseline 0.001 -29"><span class='ocrx_word' id='word_1_323' title='bbox 1036 4697 1204 4772; x_wconf 89' lang='lat' dir='ltr'><strong>tatis</strong></span> <span class='ocrx_word' id='word_1_324' title='bbox 1254 4696 1508 4772; x_wconf 89' lang='lat' dir='ltr'><strong>Statori</strong></span> <span class='ocrx_word' id='word_1_325' title='bbox 1529 4756 1550 4788; x_wconf 92' lang='lat'><strong>,</strong></span> <span class='ocrx_word' id='word_1_326' title='bbox 1600 4699 1845 4774; x_wconf 76' lang='lat' dir='ltr'><strong>Tuteri</strong></span> <span class='ocrx_word' id='word_1_327' title='bbox 1896 4725 1977 4774; x_wconf 88' lang='lat' dir='ltr'><strong>ac</strong></span> <span class='ocrx_word' id='word_1_328' title='bbox 2025 4698 2351 4790; x_wconf 89' lang='lat' dir='ltr'><strong>Vindici,</strong></span> <span class='ocrx_word' id='word_1_329' title='bbox 2401 4700 2614 4775; x_wconf 89' lang='lat' dir='ltr'><strong>huius</strong></span> <span class='ocrx_word' id='word_1_330' title='bbox 2661 4701 3054 4778; x_wconf 87' lang='lat' dir='ltr'><strong>certaminis</strong></span> <span class='ocrx_word' id='word_1_331' title='bbox 3107 4703 3334 4777; x_wconf 85' lang='lat' dir='ltr'><strong>exitus</strong></span> <span class='ocrx_word' id='word_1_332' title='bbox 3389 4700 3860 4800; x_wconf 85' lang='lat' dir='ltr'><strong>relinquatur!</strong></span> <span class='ocrx_word' id='word_1_333' title='bbox 3964 4700 4104 4774; x_wconf 87' lang='lat' dir='ltr'><strong>Ve-</strong></span> 
     </span>
     <span class='ocr_line' id='line_1_34' title="bbox 1034 4815 4104 4920; baseline 0.001 -29"><span class='ocrx_word' id='word_1_334' title='bbox 1034 4815 1205 4892; x_wconf 88' lang='lat' dir='ltr'><strong>ritas</strong></span> <span class='ocrx_word' id='word_1_335' title='bbox 1282 4815 1443 4909; x_wconf 90' lang='lat' dir='ltr'><strong>(hoc</strong></span> <span class='ocrx_word' id='word_1_336' title='bbox 1510 4819 1825 4895; x_wconf 89' lang='lat' dir='ltr'><strong>omnium</strong></span> <span class='ocrx_word' id='word_1_337' title='bbox 1890 4843 2235 4896; x_wconf 89' lang='lat' dir='ltr'><strong>consensu</strong></span> <span class='ocrx_word' id='word_1_338' title='bbox 2282 4819 2390 4898; x_wconf 78' lang='lat' dir='ltr'><strong>fas</strong></span> <span class='ocrx_word' id='word_1_339' title='bbox 2445 4829 2554 4897; x_wconf 91' lang='lat' dir='ltr'><strong>est</strong></span> <span class='ocrx_word' id='word_1_340' title='bbox 2603 4821 2858 4916; x_wconf 89' lang='lat' dir='ltr'><strong>dicere)</strong></span> <span class='ocrx_word' id='word_1_341' title='bbox 2915 4823 3066 4898; x_wconf 91' lang='lat' dir='ltr'><strong>Deo</strong></span> <span class='ocrx_word' id='word_1_342' title='bbox 3121 4822 3524 4899; x_wconf 86' lang='lat' dir='ltr'><strong>moderante</strong></span> <span class='ocrx_word' id='word_1_343' title='bbox 3573 4828 3646 4896; x_wconf 85' lang='lat' dir='ltr'><strong>et</strong></span> <span class='ocrx_word' id='word_1_344' title='bbox 3698 4817 3981 4920; x_wconf 87' lang='lat' dir='ltr'><strong>auspice</strong></span> <span class='ocrx_word' id='word_1_345' title='bbox 4031 4820 4104 4894; x_wconf 92' lang='lat' dir='ltr'><strong>in</strong></span> 
     </span>
    </p>
   </div>
   <div class='ocr_carea' id='block_1_4' title="bbox 4604 176 4608 999">
    <p class='ocr_par' dir='ltr' id='par_1_5' title="bbox 4604 176 4608 999">
     <span class='ocr_line' id='line_1_35' title="bbox 4604 176 4608 999; baseline 0 0"><span class='ocrx_word' id='word_1_346' title='bbox 4604 176 4608 999; x_wconf 95' lang='lat' dir='ltr'><strong> </strong></span> 
     </span>
    </p>
   </div>
  </div>
 </body>
</html>
