4730 6049
1038 1519 1491 1585 AUDITORES
1529 1520 2073 1588 HUMANISSIMI
2087 1569 2105 1598 ‚
2144 1522 2788 1592 EXOPTATISSImt

639 2005 847 2084 Quid
928 2010 1039 2082 est
1109 2002 1251 2078 vita
1330 2025 1575 2102 expers
1664 2001 1889 2079 bonae
1976 2005 2441 2082 valetudinis?
2559 2006 2880 2106 Spectato
2957 2007 3294 2083 infantem
3366 2031 3602 2082 recens

529 2125 611 2200 in
666 2125 901 2201 lucem
957 2120 1229 2197 editum
1249 2179 1271 2212 ‚
1321 2121 1601 2198 delicias
1653 2129 2022 2222 parentum
2039 2183 2061 2216 ,
2110 2126 2311 2202 cuius
2377 2133 2450 2201 et
2497 2125 2716 2202 animi
2765 2133 2838 2202 et
2875 2126 3178 2226 corporis
3226 2150 3600 2227 augescen-

530 2253 649 2321 tes
730 2243 911 2318 vires
978 2247 1178 2317 tanta
1250 2265 1413 2316 cum
1496 2239 1849 2341 voluptate
1917 2243 2518 2334 animadvertunt,
2585 2245 2828 2322 morbo
2877 2245 3312 2322 conflictatur
3328 2303 3349 2334 ,
3398 2244 3606 2324 matri

530 2361 937 2440 blandienti
1003 2384 1145 2437 non
1205 2359 1502 2450 arridet,
1551 2359 1744 2436 cibos
1761 2419 1782 2450 ,
1834 2363 2092 2462 quibus
2144 2390 2397 2466 corpus
2442 2365 2792 2441 nutriatur
2841 2365 3159 2465 viresque
3209 2365 3606 2448 reficiantur

532 2483 837 2573 abnuit,
904 2505 1151 2564 sensus
1164 2539 1187 2571 ,
1252 2480 1514 2580 quibus
1575 2504 1807 2556 rerum
1826 2539 1847 2570 ,
1898 2508 2073 2582 quas
2128 2485 2439 2561 mundus
2485 2485 2856 2586 complexu
2909 2510 3036 2561 suo
3082 2485 3393 2562 continet
3413 2544 3432 2575 ,
3483 2511 3606 2562 no·
3647 2531 3654 2538 ·

528 2603 773 2678 tiones
836 2601 1169 2702 percipit,
1237 2623 1467 2700 neque
1523 2597 1827 2676 intendit
1880 2625 2109 2703 neque
2160 2611 2434 2696 exercet
2448 2663 2470 2694 ‚
2521 2605 2797 2680 animus
2817 2663 2839 2696 ,
2890 2629 3319 2704 quamquam
3366 2630 3408 2681 a
3459 2631 3605 2682 cor-

526 2747 717 2824 pore
780 2727 1138 2822 separatus
1209 2744 1355 2796 esee
1420 2725 1651 2820 potest
1667 2778 1689 2811 ,
1762 2727 1996 2798 tamen
2062 2714 2137 2798 in
2200 2723 2330 2799 hac
2386 2730 2568 2800 terra
2607 2724 2909 2824 corporis
2959 2722 3342 2800 ministerio
3398 2733 3604 2798 utens

533 2849 651 2918 est
713 2841 979 2942 sopitus
1020 2846 1093 2916 et
1138 2839 1389 2916 moesti
1436 2846 1757 2938 parentes
1804 2839 1881 2916 in
1924 2831 2241 2918 lacrimas
2289 2842 2510 2918 coacti
2548 2842 2858 2930 assident
2899 2843 3155 2920 lectulo
3175 2902 3196 2934 ,
3247 2868 3412 2920 mox
3439 2844 3606 2924 ,orbi

530 2961 816 3053 futuri,
884 2959 1173 3037 morbus
1246 2958 1435 3036 enim
1513 2984 1655 3060 quo
1727 2984 1903 3061 puer
1968 2961 2239 3041 laborat
2285 2963 2582 3041 mortem
2628 2961 3020 3065 portendit,
3068 2963 3294 3065 iisque
3342 2963 3418 3039 id
3471 2987 3611 3063 quo

530 3082 731 3160 nihil
780 3082 1007 3159 carius
1051 3080 1315 3157 habent
1361 3080 1629 3181 eripiet.

638 3203 977 3302 Spectate
1041 3200 1405 3289 iuvenem,
1473 3200 1735 3277 viribus
1783 3200 2082 3291 fretum,
2149 3231 2188 3273 a
2204 3201 2576 3278 sublimem
2627 3202 3194 3303 cupidumque?
3243 3202 3419 3277 nihil
3470 3226 3612 3277 non

530 3348 613 3399 se
694 3322 964 3397 efficere
1020 3344 1223 3421 posse
1287 3319 1771 3411 existimabat,
1838 3320 2124 3421 ignarus
2202 3321 2385 3397 vitae
2451 3344 2938 3398 aerumnarum
2990 3320 3193 3397 hilari
3241 3322 3474 3398 animo
3520 3321 3612 3397 ad

526 3443 793 3518 futura
842 3439 1217 3576 pergebat,
1264 3439 1688 3539 optimarum
1742 3440 1997 3517 artium
2048 3440 2282 3516 studio
2332 3439 2707 3541 flagrabat,
2777 3440 3002 3516 virum
3053 3440 3298 3515 utilem
3347 3440 3612 3539 patriae

528 3570 609 3637 et
659 3560 915 3637 amicis
958 3584 1033 3635 se
1086 3558 1233 3635 fore
1277 3559 1613 3659 putabat,
1664 3559 1907 3636 morbo
1957 3560 2452 3637 conflictatur
2413 3618 2434 3650 ,
2485 3559 2662 3635 vires
2713 3566 2880 3635 sunt
2924 3559 3180 3636 fractae
3198 3618 3220 3649 ‚
3271 3558 3612 3634 exstincta

528 3688 647 3757 est
744 3704 902 3780 spes
984 3680 1351 3779 omnisque
1435 3679 1616 3755 vitae
1692 3678 2137 3770 iucunditas,
2224 3680 2528 3779 corporis
2604 3678 2872 3754 dolores
2948 3677 3165 3754 animi
3239 3678 3610 3754 intentioni

526 3802 880 3889 obstant,
951 3807 1075 3875 aut
1141 3800 1202 3873 si
1266 3799 1499 3875 studia
1558 3806 1829 3875 retenta
1878 3799 2111 3875 animo
2176 3799 2421 3877 morbo
2480 3797 2768 3875 remissa
2827 3820 3143 3873 revocare
3185 3798 3379 3898 cupit
3397 3857 3416 3888 ‚
3469 3823 3611 3897 quo

526 3930 797 3997 tamen
860 3943 1023 3994 eum
1086 3942 1237 3994 esse
1316 3918 1549 3994 animo
1617 3942 2021 3995 censeamus
2090 3943 2326 3995 secum
2401 3924 2842 4017 reputantem
2897 3917 3272 4001 ‚scientiam
3336 3926 3610 4016 partam

526 4040 849 4117 fortasse
895 4061 1123 4137 neque
1170 4038 1305 4113 sibi
1347 4063 1577 4138 neque
1622 4038 1777 4114 aliis
1819 4038 2277 4138 profuturam.
2898 4026 2902 4029 ’

640 4160 984 4260 Spectate
1040 4158 1265 4233 virum
1310 4157 1561 4234 mediis
1603 4156 1783 4233 vitae
1823 4157 2063 4247 annis,
2112 4156 2357 4233 didicit
2408 4157 2579 4256 quid
2623 4157 2932 4235 societati
2973 4158 3248 4260 generis
3286 4158 3612 4249 humani,

530 4278 737 4380 quid
805 4278 1107 4377 patriae,
1178 4277 1352 4377 quid
1420 4276 1565 4352 suis
1633 4276 1921 4367 debeat,
1970 4282 2243 4377 partes,
2310 4276 2454 4353 sive
2509 4277 2772 4377 primas
2829 4278 2972 4353 sive
3031 4279 3372 4355 secundas
3439 4303 3614 4377 quas

528 4399 687 4475 Dei
753 4395 1187 4497 providentia
1230 4396 1295 4471 ei
1342 4395 1597 4472 detulit
1643 4395 1939 4473 libenter
1982 4402 2055 4470 et
2096 4401 2376 4472 strenue
2419 4396 2603 4497 agit,
2652 4397 2985 4497 prospicit
3031 4397 3229 4473 uxori
3267 4405 3338 4473 et
3377 4396 3611 4471 liberis

530 4520 613 4595 in
693 4541 1004 4617 quorum
1068 4540 1299 4592 amore
1366 4514 1775 4615 requiescit,
1826 4514 2069 4592 morbo
2115 4492 2590 4608 conflictatur,
2641 4540 2820 4618 quae
2867 4523 3183 4615 coeperat
3226 4515 3612 4612 interrupta

530 4642 893 4727 manent,
962 4634 1218 4711 frustra
1266 4660 1341 4712 se
1385 4636 1763 4711 multarum
1812 4633 2197 4711 utilitatum
2252 4643 2605 4715 auctorem
2647 4644 3073 4737 speraverat,
3123 4632 3606 4733 quotidianum

534 4760 827 4835 victum
904 4754 1053 4830 suis
1118 4754 1445 4855 praebere
1516 4754 1800 4854 nequit,
1865 4752 2085 4839 animi
2149 4755 2644 4831 sollicitudines
2705 4756 2798 4830 ad
2851 4752 3175 4829 morbum
3231 4750 3574 4826 accedunt
3593 4810 3612 4839 ,

536 4874 1113 4955 secundissimae
1184 4898 1461 4975 quoque
1530 4898 1641 4951 res
1709 4874 1969 4974 quibus
2038 4875 2233 4974 prius
2294 4875 2646 4978 gaudebat
2703 4873 2814 4949 vel
2874 4871 3296 4971 gloriabatur
3340 4872 3616 4947 nullum
