<?xml version="1.0" encoding="UTF-8"?>
<!DOCTYPE html PUBLIC "-//W3C//DTD XHTML 1.0 Transitional//EN"
    "http://www.w3.org/TR/xhtml1/DTD/xhtml1-transitional.dtd">
<html xmlns="http://www.w3.org/1999/xhtml" xml:lang="en" lang="en">
 <head>
  <title>
</title>
<meta http-equiv="Content-Type" content="text/html;charset=utf-8" />
  <meta name='ocr-system' content='tesseract 3.04.00' />
  <meta name='ocr-capabilities' content='ocr_page ocr_carea ocr_par ocr_line ocrx_word'/>
</head>
<body>
  <div class='ocr_page' id='page_1' title='image "annalesacademic01confgoog_0095.png"; bbox 0 0 4730 6049; ppageno 0'>
   <div class='ocr_carea' id='block_1_1' title="bbox 1828 646 3636 717">
    <p class='ocr_par' dir='ltr' id='par_1_1' title="bbox 1828 646 3636 717">
     <span class='ocr_line' id='line_1_1' title="bbox 1828 646 3636 717; baseline 0.001 -5"><span class='ocrx_word' id='word_1_1' title='bbox 1828 646 2386 717; x_wconf 78' lang='lat' dir='ltr'><strong>ORATIO.</strong></span> <span class='ocrx_word' id='word_1_2' title='bbox 3550 648 3636 713; x_wconf 84' lang='lat'><strong>85</strong></span> 
     </span>
    </p>
   </div>
   <div class='ocr_carea' id='block_1_2' title="bbox 492 853 3642 4900">
    <p class='ocr_par' dir='ltr' id='par_1_2' title="bbox 584 853 3630 1314">
     <span class='ocr_line' id='line_1_2' title="bbox 586 853 3630 955; baseline -0.002 -24"><span class='ocrx_word' id='word_1_3' title='bbox 586 854 677 931; x_wconf 83' lang='lat' dir='ltr'><strong>tis</strong></span> <span class='ocrx_word' id='word_1_4' title='bbox 727 862 940 955; x_wconf 85' lang='lat' dir='ltr'><strong>atque</strong></span> <span class='ocrx_word' id='word_1_5' title='bbox 988 854 1287 931; x_wconf 90' lang='lat' dir='ltr'><strong>honoris.</strong></span> <span class='ocrx_word' id='word_1_6' title='bbox 1388 853 1592 929; x_wconf 83' lang='lat' dir='ltr'><strong>Faxit</strong></span> <span class='ocrx_word' id='word_1_7' title='bbox 1632 862 1871 929; x_wconf 89' lang='lat' dir='ltr'><strong>autem</strong></span> <span class='ocrx_word' id='word_1_8' title='bbox 1913 854 2087 929; x_wconf 90' lang='lat' dir='ltr'><strong>illud</strong></span> <span class='ocrx_word' id='word_1_9' title='bbox 2142 856 2331 954; x_wconf 89' lang='lat' dir='ltr'><strong>quod</strong></span> <span class='ocrx_word' id='word_1_10' title='bbox 2383 880 2510 931; x_wconf 89' lang='lat' dir='ltr'><strong>nos</strong></span> <span class='ocrx_word' id='word_1_11' title='bbox 2555 855 2785 953; x_wconf 88' lang='lat' dir='ltr'><strong>iungit</strong></span> <span class='ocrx_word' id='word_1_12' title='bbox 2832 855 3181 929; x_wconf 88' lang='lat' dir='ltr'><strong>vinculum</strong></span> <span class='ocrx_word' id='word_1_13' title='bbox 3235 861 3630 953; x_wconf 86' lang='lat' dir='ltr'><strong>praecepto-</strong></span> 
     </span>
     <span class='ocr_line' id='line_1_3' title="bbox 584 972 3630 1076; baseline -0.001 -27"><span class='ocrx_word' id='word_1_14' title='bbox 584 998 879 1075; x_wconf 84' lang='lat' dir='ltr'><strong>rumque</strong></span> <span class='ocrx_word' id='word_1_15' title='bbox 950 974 1499 1051; x_wconf 88' lang='lat' dir='ltr'><strong>illustrissimum</strong></span> <span class='ocrx_word' id='word_1_16' title='bbox 1570 975 1999 1075; x_wconf 84' lang='lat' dir='ltr'><strong>exemplum,</strong></span> <span class='ocrx_word' id='word_1_17' title='bbox 2070 1000 2213 1073; x_wconf 92' lang='lat' dir='ltr'><strong>quo</strong></span> <span class='ocrx_word' id='word_1_18' title='bbox 2255 974 2558 1063; x_wconf 84' lang='lat' dir='ltr'><strong>facilius,</strong></span> <span class='ocrx_word' id='word_1_19' title='bbox 2609 976 2836 1050; x_wconf 88' lang='lat' dir='ltr'><strong>eidem</strong></span> <span class='ocrx_word' id='word_1_20' title='bbox 2888 976 3148 1076; x_wconf 90' lang='lat' dir='ltr'><strong>quippe</strong></span> <span class='ocrx_word' id='word_1_21' title='bbox 3191 973 3418 1048; x_wconf 90' lang='lat' dir='ltr'><strong>ordini</strong></span> <span class='ocrx_word' id='word_1_22' title='bbox 3465 972 3630 1047; x_wconf 92' lang='lat' dir='ltr'><strong>iuri-</strong></span> 
     </span>
     <span class='ocr_line' id='line_1_4' title="bbox 586 1092 3630 1195; baseline -0.002 -24"><span class='ocrx_word' id='word_1_23' title='bbox 586 1095 737 1171; x_wconf 87' lang='lat' dir='ltr'><strong>dico</strong></span> <span class='ocrx_word' id='word_1_24' title='bbox 778 1094 1109 1195; x_wconf 80' lang='lat' dir='ltr'><strong>adscripti</strong></span> <span class='ocrx_word' id='word_1_25' title='bbox 1129 1154 1152 1183; x_wconf 94' lang='lat'><strong>,</strong></span> <span class='ocrx_word' id='word_1_26' title='bbox 1202 1094 1315 1170; x_wconf 90' lang='lat' dir='ltr'><strong>hic</strong></span> <span class='ocrx_word' id='word_1_27' title='bbox 1354 1092 1829 1193; x_wconf 77' lang='lat' dir='ltr'>conspiremus</span> <span class='ocrx_word' id='word_1_28' title='bbox 1876 1094 1971 1171; x_wconf 88' lang='lat' dir='ltr'><strong>ad</strong></span> <span class='ocrx_word' id='word_1_29' title='bbox 2018 1094 2317 1169; x_wconf 89' lang='lat' dir='ltr'><strong>eundem</strong></span> <span class='ocrx_word' id='word_1_30' title='bbox 2361 1096 2574 1171; x_wconf 88' lang='lat' dir='ltr'>finem</span> <span class='ocrx_word' id='word_1_31' title='bbox 2625 1096 3022 1171; x_wconf 78' lang='lat' dir='ltr'><strong>tendentes!</strong></span> <span class='ocrx_word' id='word_1_32' title='bbox 3103 1096 3214 1169; x_wconf 81' lang='lat' dir='ltr'><strong>Tu</strong></span> <span class='ocrx_word' id='word_1_33' title='bbox 3267 1093 3443 1167; x_wconf 91' lang='lat' dir='ltr'><strong>mihi</strong></span> <span class='ocrx_word' id='word_1_34' title='bbox 3496 1092 3630 1181; x_wconf 89' lang='lat' dir='ltr'><strong>sis,</strong></span> 
     </span>
     <span class='ocr_line' id='line_1_5' title="bbox 584 1214 1841 1314; baseline -0.002 -23"><span class='ocrx_word' id='word_1_35' title='bbox 584 1238 821 1313; x_wconf 85' lang='lat' dir='ltr'><strong>precor</strong></span> <span class='ocrx_word' id='word_1_36' title='bbox 834 1272 857 1304; x_wconf 92' lang='lat'><strong>,</strong></span> <span class='ocrx_word' id='word_1_37' title='bbox 904 1215 1095 1290; x_wconf 89' lang='lat' dir='ltr'><strong>fidus</strong></span> <span class='ocrx_word' id='word_1_38' title='bbox 1143 1240 1224 1291; x_wconf 88' lang='lat' dir='ltr'><strong>ac</strong></span> <span class='ocrx_word' id='word_1_39' title='bbox 1270 1214 1497 1289; x_wconf 88' lang='lat' dir='ltr'><strong>fidelis</strong></span> <span class='ocrx_word' id='word_1_40' title='bbox 1544 1214 1841 1314; x_wconf 79' lang='lat' dir='ltr'><strong>collega!</strong></span> 
     </span>
    </p>

    <p class='ocr_par' dir='ltr' id='par_1_3' title="bbox 492 1332 3631 1553">
     <span class='ocr_line' id='line_1_6' title="bbox 678 1332 3631 1434; baseline -0.001 -25"><span class='ocrx_word' id='word_1_41' title='bbox 678 1335 930 1433; x_wconf 88' lang='lat' dir='ltr'><strong>Neque</strong></span> <span class='ocrx_word' id='word_1_42' title='bbox 995 1343 1220 1411; x_wconf 81' lang='lat' dir='ltr'><strong>vestra</strong></span> <span class='ocrx_word' id='word_1_43' title='bbox 1288 1358 1405 1409; x_wconf 90' lang='lat' dir='ltr'><strong>me</strong></span> <span class='ocrx_word' id='word_1_44' title='bbox 1468 1334 1745 1409; x_wconf 87' lang='lat' dir='ltr'><strong>deficiat</strong></span> <span class='ocrx_word' id='word_1_45' title='bbox 1796 1334 2313 1434; x_wconf 78' lang='lat' dir='ltr'><strong>exoptatissima</strong></span> <span class='ocrx_word' id='word_1_46' title='bbox 2362 1346 2434 1410; x_wconf 91' lang='lat' dir='ltr'><strong>et</strong></span> <span class='ocrx_word' id='word_1_47' title='bbox 2484 1333 2865 1411; x_wconf 87' lang='lat' dir='ltr'><strong>necessaria</strong></span> <span class='ocrx_word' id='word_1_48' title='bbox 2917 1332 3392 1409; x_wconf 79' lang='lat' dir='ltr'><strong>benevolentia</strong></span> <span class='ocrx_word' id='word_1_49' title='bbox 3411 1390 3432 1422; x_wconf 93' lang='lat'><strong>,</strong></span> <span class='ocrx_word' id='word_1_50' title='bbox 3479 1357 3631 1408; x_wconf 90' lang='lat' dir='ltr'><strong>cae-</strong></span> 
     </span>
     <span class='ocr_line' id='line_1_7' title="bbox 492 1449 2470 1553; baseline 0 -24"><span class='ocrx_word' id='word_1_51' title='bbox 492 1488 511 1506; x_wconf 78' lang='lat'><strong>.</strong></span> <span class='ocrx_word' id='word_1_52' title='bbox 582 1454 711 1529; x_wconf 91' lang='lat' dir='ltr'><strong>teri</strong></span> <span class='ocrx_word' id='word_1_53' title='bbox 752 1453 1017 1529; x_wconf 86' lang='lat' dir='ltr'><strong>ordinis</strong></span> <span class='ocrx_word' id='word_1_54' title='bbox 1056 1453 1333 1529; x_wconf 88' lang='lat' dir='ltr'><strong>iuridici</strong></span> <span class='ocrx_word' id='word_1_55' title='bbox 1370 1452 1787 1553; x_wconf 76' lang='lat' dir='ltr'><strong>professores</strong></span> <span class='ocrx_word' id='word_1_56' title='bbox 1808 1512 1829 1543; x_wconf 98' lang='lat'><strong>,</strong></span> <span class='ocrx_word' id='word_1_57' title='bbox 1878 1449 2028 1528; x_wconf 89' lang='lat' dir='ltr'><strong>Viri</strong></span> <span class='ocrx_word' id='word_1_58' title='bbox 2068 1454 2470 1530; x_wconf 73' lang='lat' dir='ltr'><strong>clarissimi!</strong></span> 
     </span>
    </p>

    <p class='ocr_par' dir='ltr' id='par_1_4' title="bbox 582 1571 3635 1913">
     <span class='ocr_line' id='line_1_8' title="bbox 679 1571 3635 1673; baseline -0 -25"><span class='ocrx_word' id='word_1_59' title='bbox 679 1573 945 1673; x_wconf 80' lang='lat' dir='ltr'><strong>Magno</strong></span> <span class='ocrx_word' id='word_1_60' title='bbox 1002 1571 1249 1649; x_wconf 89' lang='lat' dir='ltr'><strong>honori</strong></span> <span class='ocrx_word' id='word_1_61' title='bbox 1301 1572 1481 1648; x_wconf 90' lang='lat' dir='ltr'><strong>duco</strong></span> <span class='ocrx_word' id='word_1_62' title='bbox 1502 1631 1523 1662; x_wconf 92' lang='lat'><strong>,</strong></span> <span class='ocrx_word' id='word_1_63' title='bbox 1590 1573 1697 1649; x_wconf 91' lang='lat' dir='ltr'><strong>Cl.</strong></span> <span class='ocrx_word' id='word_1_64' title='bbox 1748 1576 2139 1650; x_wconf 64' lang='lat' dir='ltr'><strong>rrnsuanl</strong></span> <span class='ocrx_word' id='word_1_65' title='bbox 2199 1599 2315 1649; x_wconf 91' lang='lat' dir='ltr'><strong>me</strong></span> <span class='ocrx_word' id='word_1_66' title='bbox 2353 1574 2673 1649; x_wconf 90' lang='lat' dir='ltr'><strong>iuvenem</strong></span> <span class='ocrx_word' id='word_1_67' title='bbox 2695 1631 2717 1663; x_wconf 93' lang='lat'><strong>,</strong></span> <span class='ocrx_word' id='word_1_68' title='bbox 2767 1582 2838 1647; x_wconf 89' lang='lat' dir='ltr'><strong>te</strong></span> <span class='ocrx_word' id='word_1_69' title='bbox 2889 1572 3346 1649; x_wconf 90' lang='lat' dir='ltr'><strong>venerabilem</strong></span> <span class='ocrx_word' id='word_1_70' title='bbox 3397 1596 3635 1647; x_wconf 87' lang='lat' dir='ltr'><strong>senem</strong></span> 
     </span>
     <span class='ocr_line' id='line_1_9' title="bbox 586 1692 3632 1793; baseline -0 -25"><span class='ocrx_word' id='word_1_71' title='bbox 586 1692 880 1768; x_wconf 81' lang='lat' dir='ltr'><strong>salutare</strong></span> <span class='ocrx_word' id='word_1_72' title='bbox 940 1694 1315 1793; x_wconf 76' lang='lat' dir='ltr'><strong>collegam,</strong></span> <span class='ocrx_word' id='word_1_73' title='bbox 1388 1692 1512 1791; x_wconf 89' lang='lat' dir='ltr'><strong>qui</strong></span> <span class='ocrx_word' id='word_1_74' title='bbox 1574 1718 1699 1793; x_wconf 88' lang='lat' dir='ltr'><strong>per</strong></span> <span class='ocrx_word' id='word_1_75' title='bbox 1762 1702 1987 1769; x_wconf 85' lang='lat' dir='ltr'><strong>totum</strong></span> <span class='ocrx_word' id='word_1_76' title='bbox 2048 1695 2179 1770; x_wconf 91' lang='lat' dir='ltr'><strong>hoc</strong></span> <span class='ocrx_word' id='word_1_77' title='bbox 2244 1694 2436 1792; x_wconf 89' lang='lat' dir='ltr'><strong>quod</strong></span> <span class='ocrx_word' id='word_1_78' title='bbox 2501 1694 2791 1768; x_wconf 89' lang='lat' dir='ltr'><strong>vertitur</strong></span> <span class='ocrx_word' id='word_1_79' title='bbox 2853 1693 3204 1769; x_wconf 87' lang='lat' dir='ltr'><strong>saeculum</strong></span> <span class='ocrx_word' id='word_1_80' title='bbox 3225 1750 3246 1781; x_wconf 91' lang='lat'><strong>,</strong></span> <span class='ocrx_word' id='word_1_81' title='bbox 3311 1692 3632 1791; x_wconf 91' lang='lat' dir='ltr'><strong>pluribus</strong></span> 
     </span>
     <span class='ocr_line' id='line_1_10' title="bbox 582 1804 3118 1913; baseline -0 -26"><span class='ocrx_word' id='word_1_82' title='bbox 582 1811 837 1912; x_wconf 79' lang='lat' dir='ltr'><strong>patriae</strong></span> <span class='ocrx_word' id='word_1_83' title='bbox 883 1812 1283 1889; x_wconf 87' lang='lat' dir='ltr'><strong>Academiis</strong></span> <span class='ocrx_word' id='word_1_84' title='bbox 1331 1811 1545 1889; x_wconf 86' lang='lat' dir='ltr'><strong>decus</strong></span> <span class='ocrx_word' id='word_1_85' title='bbox 1591 1813 1789 1889; x_wconf 89' lang='lat' dir='ltr'><strong>fuisti</strong></span> <span class='ocrx_word' id='word_1_86' title='bbox 1832 1824 2045 1913; x_wconf 89' lang='lat' dir='ltr'><strong>atque</strong></span> <span class='ocrx_word' id='word_1_87' title='bbox 2091 1815 2622 1891; x_wconf 84' lang='lat' dir='ltr'><strong>ornamentum!</strong></span> <span class='ocrx_word' id='word_1_88' title='bbox 3113 1804 3118 1809; x_wconf 71' lang='grc'><em>’</em></span> 
     </span>
    </p>

    <p class='ocr_par' dir='ltr' id='par_1_5' title="bbox 581 1932 3642 3465">
     <span class='ocr_line' id='line_1_11' title="bbox 678 1932 3632 2032; baseline -0.001 -25"><span class='ocrx_word' id='word_1_89' title='bbox 678 1933 1005 2008; x_wconf 80' lang='lat' dir='ltr'><strong>Gratulor</strong></span> <span class='ocrx_word' id='word_1_90' title='bbox 1064 1933 1234 2023; x_wconf 87' lang='lat' dir='ltr'><strong>tibi,</strong></span> <span class='ocrx_word' id='word_1_91' title='bbox 1303 1934 1411 2009; x_wconf 91' lang='lat' dir='ltr'><strong>Cl.</strong></span> <span class='ocrx_word' id='word_1_92' title='bbox 1481 1956 1631 2008; x_wconf 66' lang='lat' dir='ltr'><strong>van</strong></span> <span class='ocrx_word' id='word_1_93' title='bbox 1680 1958 1905 2009; x_wconf 56' lang='lat' dir='ltr'><strong>assari</strong></span> <span class='ocrx_word' id='word_1_94' title='bbox 1930 1988 1949 2023; x_wconf 93' lang='lat'><strong>,</strong></span> <span class='ocrx_word' id='word_1_95' title='bbox 2005 1934 2195 2032; x_wconf 91' lang='lat' dir='ltr'><strong>quod</strong></span> <span class='ocrx_word' id='word_1_96' title='bbox 2217 1993 2238 2024; x_wconf 98' lang='lat'><strong>,</strong></span> <span class='ocrx_word' id='word_1_97' title='bbox 2288 1934 2512 2009; x_wconf 89' lang='lat' dir='ltr'><strong>otium</strong></span> <span class='ocrx_word' id='word_1_98' title='bbox 2566 1939 2992 2009; x_wconf 80' lang='lat' dir='ltr'><strong>consecutus</strong></span> <span class='ocrx_word' id='word_1_99' title='bbox 3027 1932 3216 2030; x_wconf 88' lang='lat' dir='ltr'><strong>quod</strong></span> <span class='ocrx_word' id='word_1_100' title='bbox 3261 1932 3472 2008; x_wconf 85' lang='lat' dir='ltr'><strong>aetati</strong></span> <span class='ocrx_word' id='word_1_101' title='bbox 3519 1933 3632 2007; x_wconf 82' lang='lat' dir='ltr'><strong>lex</strong></span> 
     </span>
     <span class='ocr_line' id='line_1_12' title="bbox 582 2051 3630 2151; baseline 0.001 -26"><span class='ocrx_word' id='word_1_102' title='bbox 582 2051 928 2140; x_wconf 86' lang='lat' dir='ltr'><strong>concedit,</strong></span> <span class='ocrx_word' id='word_1_103' title='bbox 978 2075 1254 2127; x_wconf 90' lang='lat' dir='ltr'><strong>summo</strong></span> <span class='ocrx_word' id='word_1_104' title='bbox 1324 2076 1487 2151; x_wconf 82' lang='lat' dir='ltr'><strong>sane</strong></span> <span class='ocrx_word' id='word_1_105' title='bbox 1539 2051 1691 2127; x_wconf 90' lang='lat' dir='ltr'><strong>iure</strong></span> <span class='ocrx_word' id='word_1_106' title='bbox 1759 2081 1795 2121; x_wconf 81' lang='lat' dir='ltr'><em>n</em></span> <span class='ocrx_word' id='word_1_107' title='bbox 1816 2052 2161 2151; x_wconf 89' lang='lat' dir='ltr'><strong>perbeatis</strong></span> <span class='ocrx_word' id='word_1_108' title='bbox 2211 2052 2348 2127; x_wconf 91' lang='lat' dir='ltr'><strong>illis</strong></span> <span class='ocrx_word' id='word_1_109' title='bbox 2405 2052 2878 2129; x_wconf 81' lang='lat' dir='ltr'><strong>adnumeratis</strong></span> <span class='ocrx_word' id='word_1_110' title='bbox 2931 2053 3057 2151; x_wconf 87' lang='lat' dir='ltr'><strong>qui</strong></span> <span class='ocrx_word' id='word_1_111' title='bbox 3107 2053 3180 2127; x_wconf 89' lang='lat' dir='ltr'><strong>in</strong></span> <span class='ocrx_word' id='word_1_112' title='bbox 3221 2053 3485 2151; x_wconf 91' lang='lat' dir='ltr'><strong>optima</strong></span> <span class='ocrx_word' id='word_1_113' title='bbox 3522 2076 3630 2127; x_wconf 87' lang='lat' dir='ltr'><strong>re·</strong></span> 
     </span>
     <span class='ocr_line' id='line_1_13' title="bbox 584 2170 3633 2273; baseline 0.001 -29"><span class='ocrx_word' id='word_1_114' title='bbox 584 2170 895 2270; x_wconf 87' lang='lat' dir='ltr'><strong>publica,</strong></span> <span class='ocrx_word' id='word_1_115' title='bbox 964 2195 1185 2268; x_wconf 89' lang='lat' dir='ltr'><strong>quum</strong></span> <span class='ocrx_word' id='word_1_116' title='bbox 1246 2180 1321 2245; x_wconf 90' lang='lat' dir='ltr'><strong>et</strong></span> <span class='ocrx_word' id='word_1_117' title='bbox 1368 2171 1747 2248; x_wconf 88' lang='lat' dir='ltr'><strong>honoribus</strong></span> <span class='ocrx_word' id='word_1_118' title='bbox 1792 2180 1863 2247; x_wconf 93' lang='lat' dir='ltr'><strong>et</strong></span> <span class='ocrx_word' id='word_1_119' title='bbox 1915 2196 2146 2247; x_wconf 90' lang='lat' dir='ltr'><strong>rerum</strong></span> <span class='ocrx_word' id='word_1_120' title='bbox 2189 2180 2545 2272; x_wconf 86' lang='lat' dir='ltr'><strong>gestarum</strong></span> <span class='ocrx_word' id='word_1_121' title='bbox 2592 2173 2812 2273; x_wconf 87' lang='lat' dir='ltr'><strong>gloria</strong></span> <span class='ocrx_word' id='word_1_122' title='bbox 2853 2174 3144 2248; x_wconf 88' lang='lat' dir='ltr'><strong>floreant</strong></span> <span class='ocrx_word' id='word_1_123' title='bbox 3162 2231 3180 2260; x_wconf 91' lang='lat'><strong>,</strong></span> <span class='ocrx_word' id='word_1_124' title='bbox 3232 2197 3396 2247; x_wconf 86' lang='lat' dir='ltr'><strong>eum</strong></span> <span class='ocrx_word' id='word_1_125' title='bbox 3454 2172 3633 2247; x_wconf 89' lang='lat' dir='ltr'><strong>vitae</strong></span> 
     </span>
     <span class='ocr_line' id='line_1_14' title="bbox 581 2292 3635 2393; baseline 0 -28"><span class='ocrx_word' id='word_1_126' title='bbox 581 2314 858 2365; x_wconf 88' lang='lat' dir='ltr'><strong>cursum</strong></span> <span class='ocrx_word' id='word_1_127' title='bbox 934 2300 1167 2365; x_wconf 85' lang='lat' dir='ltr'><strong>tenere</strong></span> <span class='ocrx_word' id='word_1_128' title='bbox 1234 2299 1567 2390; x_wconf 87' lang='lat' dir='ltr'><strong>possunt,</strong></span> <span class='ocrx_word' id='word_1_129' title='bbox 1636 2301 1717 2367; x_wconf 90' lang='lat' dir='ltr'><strong>ut</strong></span> <span class='ocrx_word' id='word_1_130' title='bbox 1780 2293 1889 2367; x_wconf 85' lang='lat' dir='ltr'><strong>vel</strong></span> <span class='ocrx_word' id='word_1_131' title='bbox 1950 2294 2022 2367; x_wconf 87' lang='lat' dir='ltr'><strong>iu</strong></span> <span class='ocrx_word' id='word_1_132' title='bbox 2087 2293 2368 2393; x_wconf 87' lang='lat' dir='ltr'><strong>negotio</strong></span> <span class='ocrx_word' id='word_1_133' title='bbox 2421 2292 2570 2369; x_wconf 87' lang='lat' dir='ltr'><strong>sine</strong></span> <span class='ocrx_word' id='word_1_134' title='bbox 2614 2293 2918 2392; x_wconf 89' lang='lat' dir='ltr'><strong>periculo</strong></span> <span class='ocrx_word' id='word_1_135' title='bbox 2942 2351 2960 2380; x_wconf 91' lang='lat'><strong>,</strong></span> <span class='ocrx_word' id='word_1_136' title='bbox 3015 2293 3120 2368; x_wconf 90' lang='lat' dir='ltr'><strong>vel</strong></span> <span class='ocrx_word' id='word_1_137' title='bbox 3162 2292 3236 2366; x_wconf 88' lang='lat' dir='ltr'><strong>in</strong></span> <span class='ocrx_word' id='word_1_138' title='bbox 3287 2292 3428 2367; x_wconf 91' lang='lat' dir='ltr'><strong>otio</strong></span> <span class='ocrx_word' id='word_1_139' title='bbox 3471 2316 3635 2367; x_wconf 91' lang='lat' dir='ltr'><strong>cum</strong></span> 
     </span>
     <span class='ocr_line' id='line_1_15' title="bbox 584 2409 3637 2509; baseline 0 -26"><span class='ocrx_word' id='word_1_140' title='bbox 584 2409 921 2508; x_wconf 83' lang='lat' dir='ltr'><strong>dignitate</strong></span> <span class='ocrx_word' id='word_1_141' title='bbox 992 2434 1145 2485; x_wconf 88' lang='lat' dir='ltr'><strong>esse</strong></span> <span class='ocrx_word' id='word_1_142' title='bbox 1217 2410 1557 2508; x_wconf 88' lang='lat' dir='ltr'><strong>possint.&#39;&#39;</strong></span> <span class='ocrx_word' id='word_1_143' title='bbox 1620 2454 1718 2468; x_wconf 91' lang='lat'><em>-</em></span> <span class='ocrx_word' id='word_1_144' title='bbox 1791 2412 2286 2487; x_wconf 83' lang='lat' dir='ltr'><strong>Gratissimum</strong></span> <span class='ocrx_word' id='word_1_145' title='bbox 2352 2413 2444 2487; x_wconf 91' lang='lat' dir='ltr'><strong>sit</strong></span> <span class='ocrx_word' id='word_1_146' title='bbox 2512 2437 2798 2487; x_wconf 89' lang='lat' dir='ltr'><strong>vacuam</strong></span> <span class='ocrx_word' id='word_1_147' title='bbox 2855 2412 3251 2487; x_wconf 80' lang='lat' dir='ltr'><strong>cathedram</strong></span> <span class='ocrx_word' id='word_1_148' title='bbox 3299 2411 3637 2509; x_wconf 81' lang='lat' dir='ltr'><strong>discipulo</strong></span> 
     </span>
     <span class='ocr_line' id='line_1_16' title="bbox 582 2526 3635 2630; baseline 0.001 -31"><span class='ocrx_word' id='word_1_149' title='bbox 582 2526 887 2616; x_wconf 84' lang='lat' dir='ltr'><strong>tradere,</strong></span> <span class='ocrx_word' id='word_1_150' title='bbox 954 2536 1028 2601; x_wconf 88' lang='lat' dir='ltr'><strong>at</strong></span> <span class='ocrx_word' id='word_1_151' title='bbox 1101 2527 1209 2601; x_wconf 85' lang='lat' dir='ltr'><strong>vel</strong></span> <span class='ocrx_word' id='word_1_152' title='bbox 1238 2610 1246 2615; x_wconf 56' lang='grc'><strong>,</strong></span> <span class='ocrx_word' id='word_1_153' title='bbox 1279 2528 1377 2602; x_wconf 89' lang='lat' dir='ltr'><strong>sic</strong></span> <span class='ocrx_word' id='word_1_154' title='bbox 1442 2536 1675 2603; x_wconf 89' lang='lat' dir='ltr'><strong>tamen</strong></span> <span class='ocrx_word' id='word_1_155' title='bbox 1747 2554 1859 2603; x_wconf 89' lang='lat' dir='ltr'><strong>me</strong></span> <span class='ocrx_word' id='word_1_156' title='bbox 1924 2553 2386 2603; x_wconf 86' lang='lat' dir='ltr'><strong>successorem</strong></span> <span class='ocrx_word' id='word_1_157' title='bbox 2458 2530 2588 2603; x_wconf 89' lang='lat' dir='ltr'><strong>tibi</strong></span> <span class='ocrx_word' id='word_1_158' title='bbox 2638 2556 2775 2605; x_wconf 90' lang='lat' dir='ltr'><strong>non</strong></span> <span class='ocrx_word' id='word_1_159' title='bbox 2829 2556 2979 2605; x_wconf 90' lang='lat' dir='ltr'><strong>esse</strong></span> <span class='ocrx_word' id='word_1_160' title='bbox 3028 2531 3380 2630; x_wconf 86' lang='lat' dir='ltr'><strong>ingratum</strong></span> <span class='ocrx_word' id='word_1_161' title='bbox 3433 2528 3635 2603; x_wconf 91' lang='lat' dir='ltr'><strong>vehe-</strong></span> 
     </span>
     <span class='ocr_line' id='line_1_17' title="bbox 581 2648 3634 2751; baseline 0.001 -31"><span class='ocrx_word' id='word_1_162' title='bbox 581 2655 846 2721; x_wconf 85' lang='lat' dir='ltr'><strong>menter</strong></span> <span class='ocrx_word' id='word_1_163' title='bbox 892 2672 1093 2745; x_wconf 89' lang='lat' dir='ltr'><strong>spero</strong></span> <span class='ocrx_word' id='word_1_164' title='bbox 1146 2657 1357 2747; x_wconf 89' lang='lat' dir='ltr'><strong>atque</strong></span> <span class='ocrx_word' id='word_1_165' title='bbox 1404 2648 1697 2724; x_wconf 90' lang='lat' dir='ltr'><strong>confido.</strong></span> <span class='ocrx_word' id='word_1_166' title='bbox 1797 2650 2047 2748; x_wconf 90' lang='lat' dir='ltr'><strong>Neque</strong></span> <span class='ocrx_word' id='word_1_167' title='bbox 2095 2649 2280 2723; x_wconf 86' lang='lat' dir='ltr'><strong>enim</strong></span> <span class='ocrx_word' id='word_1_168' title='bbox 2326 2648 2514 2723; x_wconf 88' lang='lat' dir='ltr'><strong>solus</strong></span> <span class='ocrx_word' id='word_1_169' title='bbox 2564 2651 2654 2724; x_wconf 88' lang='lat' dir='ltr'><strong>ad</strong></span> <span class='ocrx_word' id='word_1_170' title='bbox 2709 2650 3185 2751; x_wconf 87' lang='lat' dir='ltr'><strong>gravissimam</strong></span> <span class='ocrx_word' id='word_1_171' title='bbox 3242 2658 3435 2743; x_wconf 84' lang='lat' dir='ltr'><strong>tuam</strong></span> <span class='ocrx_word' id='word_1_172' title='bbox 3478 2674 3634 2747; x_wconf 90' lang='lat' dir='ltr'><strong>pro-</strong></span> 
     </span>
     <span class='ocr_line' id='line_1_18' title="bbox 584 2766 3640 2867; baseline 0.002 -31"><span class='ocrx_word' id='word_1_173' title='bbox 584 2766 872 2842; x_wconf 84' lang='lat' dir='ltr'><strong>vinciam</strong></span> <span class='ocrx_word' id='word_1_174' title='bbox 948 2767 1461 2866; x_wconf 88' lang='lat' dir='ltr'><strong>suscipiendam</strong></span> <span class='ocrx_word' id='word_1_175' title='bbox 1536 2794 1739 2843; x_wconf 90' lang='lat' dir='ltr'><strong>vocor</strong></span> <span class='ocrx_word' id='word_1_176' title='bbox 1805 2770 1929 2843; x_wconf 90' lang='lat' dir='ltr'><strong>sed</strong></span> <span class='ocrx_word' id='word_1_177' title='bbox 2004 2792 2143 2843; x_wconf 93' lang='lat' dir='ltr'><strong>una</strong></span> <span class='ocrx_word' id='word_1_178' title='bbox 2208 2792 2372 2843; x_wconf 89' lang='lat' dir='ltr'><strong>cum</strong></span> <span class='ocrx_word' id='word_1_179' title='bbox 2433 2792 2888 2844; x_wconf 77' lang='lat' dir='ltr'><strong>counsm‘mo</strong></span> <span class='ocrx_word' id='word_1_180' title='bbox 2946 2778 3104 2858; x_wconf 87' lang='lat' dir='ltr'><strong>tu0,</strong></span> <span class='ocrx_word' id='word_1_181' title='bbox 3157 2793 3298 2867; x_wconf 90' lang='lat' dir='ltr'><strong>quo</strong></span> <span class='ocrx_word' id='word_1_182' title='bbox 3351 2767 3640 2867; x_wconf 82' lang='lat' dir='ltr'><strong>quidem</strong></span> 
     </span>
     <span class='ocr_line' id='line_1_19' title="bbox 584 2883 3637 2986; baseline -0 -27"><span class='ocrx_word' id='word_1_183' title='bbox 584 2886 1000 2985; x_wconf 88' lang='lat' dir='ltr'><strong>discipulum</strong></span> <span class='ocrx_word' id='word_1_184' title='bbox 1062 2886 1170 2960; x_wconf 90' lang='lat' dir='ltr'><strong>tui</strong></span> <span class='ocrx_word' id='word_1_185' title='bbox 1227 2888 1680 2963; x_wconf 86' lang='lat' dir='ltr'><strong>amantiorem</strong></span> <span class='ocrx_word' id='word_1_186' title='bbox 1726 2888 2073 2963; x_wconf 91' lang='lat' dir='ltr'><strong>neminem</strong></span> <span class='ocrx_word' id='word_1_187' title='bbox 2126 2886 2379 2961; x_wconf 89' lang='lat' dir='ltr'><strong>habere</strong></span> <span class='ocrx_word' id='word_1_188' title='bbox 2421 2886 2665 2986; x_wconf 82' lang='lat' dir='ltr'><strong>possis,</strong></span> <span class='ocrx_word' id='word_1_189' title='bbox 2766 2885 3033 2961; x_wconf 89' lang='lat' dir='ltr'><strong>Verum</strong></span> <span class='ocrx_word' id='word_1_190' title='bbox 3077 2894 3159 2960; x_wconf 89' lang='lat' dir='ltr'><strong>tu</strong></span> <span class='ocrx_word' id='word_1_191' title='bbox 3210 2885 3420 2959; x_wconf 88' lang='lat' dir='ltr'><strong>etiam</strong></span> <span class='ocrx_word' id='word_1_192' title='bbox 3441 2942 3460 2973; x_wconf 94' lang='lat'><strong>,</strong></span> <span class='ocrx_word' id='word_1_193' title='bbox 3510 2883 3637 2958; x_wconf 91' lang='lat' dir='ltr'><strong>Vir</strong></span> 
     </span>
     <span class='ocr_line' id='line_1_20' title="bbox 583 3003 3642 3105; baseline -0.001 -23"><span class='ocrx_word' id='word_1_194' title='bbox 583 3006 727 3084; x_wconf 83' lang='lat' dir='ltr'><strong>CL!</strong></span> <span class='ocrx_word' id='word_1_195' title='bbox 794 3016 1037 3083; x_wconf 86' lang='lat' dir='ltr'><strong>auctor</strong></span> <span class='ocrx_word' id='word_1_196' title='bbox 1095 3007 1269 3082; x_wconf 91' lang='lat' dir='ltr'><strong>mihi</strong></span> <span class='ocrx_word' id='word_1_197' title='bbox 1333 3007 1568 3097; x_wconf 87' lang='lat' dir='ltr'><strong>fuisti,</strong></span> <span class='ocrx_word' id='word_1_198' title='bbox 1645 3018 1721 3085; x_wconf 91' lang='lat' dir='ltr'><strong>ut</strong></span> <span class='ocrx_word' id='word_1_199' title='bbox 1790 3017 1950 3085; x_wconf 89' lang='lat' dir='ltr'><strong>ante</strong></span> <span class='ocrx_word' id='word_1_200' title='bbox 1996 3008 2123 3083; x_wconf 89' lang='lat' dir='ltr'><strong>bos</strong></span> <span class='ocrx_word' id='word_1_201' title='bbox 2170 3016 2311 3083; x_wconf 89' lang='lat' dir='ltr'><strong>tres</strong></span> <span class='ocrx_word' id='word_1_202' title='bbox 2369 3032 2587 3083; x_wconf 88' lang='lat' dir='ltr'><strong>annos</strong></span> <span class='ocrx_word' id='word_1_203' title='bbox 2643 3007 2717 3081; x_wconf 90' lang='lat' dir='ltr'><strong>in</strong></span> <span class='ocrx_word' id='word_1_204' title='bbox 2769 3005 3220 3105; x_wconf 87' lang='lat' dir='ltr'><strong>Groningana</strong></span> <span class='ocrx_word' id='word_1_205' title='bbox 3264 3003 3642 3081; x_wconf 88' lang='lat' dir='ltr'><strong>Academia</strong></span> 
     </span>
     <span class='ocr_line' id='line_1_21' title="bbox 582 3124 3640 3205; baseline -0.001 -3"><span class='ocrx_word' id='word_1_206' title='bbox 582 3126 882 3202; x_wconf 87' lang='lat' dir='ltr'><strong>oblatam</strong></span> <span class='ocrx_word' id='word_1_207' title='bbox 946 3126 1344 3203; x_wconf 87' lang='lat' dir='ltr'><strong>cathedram</strong></span> <span class='ocrx_word' id='word_1_208' title='bbox 1404 3129 1597 3204; x_wconf 89' lang='lat' dir='ltr'><strong>haud</strong></span> <span class='ocrx_word' id='word_1_209' title='bbox 1650 3153 2062 3205; x_wconf 86' lang='lat' dir='ltr'><strong>recusarem.</strong></span> <span class='ocrx_word' id='word_1_210' title='bbox 2166 3127 2283 3203; x_wconf 87' lang='lat' dir='ltr'><strong>Sic</strong></span> <span class='ocrx_word' id='word_1_211' title='bbox 2330 3137 2536 3202; x_wconf 90' lang='lat' dir='ltr'><strong>tuum</strong></span> <span class='ocrx_word' id='word_1_212' title='bbox 2583 3127 2757 3202; x_wconf 87' lang='lat' dir='ltr'><strong>illud</strong></span> <span class='ocrx_word' id='word_1_213' title='bbox 2799 3125 3164 3201; x_wconf 89' lang='lat' dir='ltr'><strong>consilium</strong></span> <span class='ocrx_word' id='word_1_214' title='bbox 3209 3124 3300 3199; x_wconf 90' lang='lat' dir='ltr'><strong>ad</strong></span> <span class='ocrx_word' id='word_1_215' title='bbox 3347 3125 3640 3200; x_wconf 88' lang='lat' dir='ltr'><strong>maiores</strong></span> 
     </span>
     <span class='ocr_line' id='line_1_22' title="bbox 582 3245 3638 3348; baseline 0 -28"><span class='ocrx_word' id='word_1_216' title='bbox 582 3245 783 3322; x_wconf 88' lang='lat' dir='ltr'><strong>hosce</strong></span> <span class='ocrx_word' id='word_1_217' title='bbox 856 3246 1151 3321; x_wconf 87' lang='lat' dir='ltr'><strong>bonores</strong></span> <span class='ocrx_word' id='word_1_218' title='bbox 1224 3247 1493 3323; x_wconf 85' lang='lat' dir='ltr'><strong>aditum</strong></span> <span class='ocrx_word' id='word_1_219' title='bbox 1570 3249 1933 3348; x_wconf 84' lang='lat' dir='ltr'><strong>patefecit,</strong></span> <span class='ocrx_word' id='word_1_220' title='bbox 2004 3248 2118 3325; x_wconf 91' lang='lat' dir='ltr'><strong>cui</strong></span> <span class='ocrx_word' id='word_1_221' title='bbox 2182 3255 2528 3346; x_wconf 88' lang='lat' dir='ltr'><strong>quantum</strong></span> <span class='ocrx_word' id='word_1_222' title='bbox 2596 3247 2887 3322; x_wconf 86' lang='lat' dir='ltr'><strong>debeam</strong></span> <span class='ocrx_word' id='word_1_223' title='bbox 2910 3303 2931 3335; x_wconf 93' lang='lat'><strong>,</strong></span> <span class='ocrx_word' id='word_1_224' title='bbox 2998 3247 3102 3320; x_wconf 88' lang='lat' dir='ltr'><strong>vel</strong></span> <span class='ocrx_word' id='word_1_225' title='bbox 3149 3245 3300 3345; x_wconf 89' lang='lat' dir='ltr'><strong>ipso</strong></span> <span class='ocrx_word' id='word_1_226' title='bbox 3355 3245 3484 3320; x_wconf 92' lang='lat' dir='ltr'><strong>hoc</strong></span> <span class='ocrx_word' id='word_1_227' title='bbox 3525 3245 3638 3320; x_wconf 91' lang='lat' dir='ltr'><strong>die</strong></span> 
     </span>
     <span class='ocr_line' id='line_1_23' title="bbox 583 3365 1155 3465; baseline 0 -23"><span class='ocrx_word' id='word_1_228' title='bbox 583 3367 859 3465; x_wconf 88' lang='lat' dir='ltr'><strong>penitus</strong></span> <span class='ocrx_word' id='word_1_229' title='bbox 908 3365 1155 3442; x_wconf 77' lang='lat' dir='ltr'><strong>sentio,</strong></span> 
     </span>
    </p>

    <p class='ocr_par' dir='ltr' id='par_1_6' title="bbox 584 3481 3639 3945">
     <span class='ocr_line' id='line_1_24' title="bbox 678 3481 3636 3586; baseline -0.001 -26"><span class='ocrx_word' id='word_1_230' title='bbox 678 3486 875 3574; x_wconf 81' lang='lat' dir='ltr'><strong>Tibi,</strong></span> <span class='ocrx_word' id='word_1_231' title='bbox 950 3486 1059 3562; x_wconf 90' lang='lat' dir='ltr'><strong>Cl.</strong></span> <span class='ocrx_word' id='word_1_232' title='bbox 1114 3509 1342 3574; x_wconf 74' lang='lat' dir='ltr'><strong>cocx,</strong></span> <span class='ocrx_word' id='word_1_233' title='bbox 1406 3487 1776 3562; x_wconf 89' lang='lat' dir='ltr'><strong>molestum</strong></span> <span class='ocrx_word' id='word_1_234' title='bbox 1825 3512 1913 3562; x_wconf 89' lang='lat' dir='ltr'><strong>ne</strong></span> <span class='ocrx_word' id='word_1_235' title='bbox 1970 3487 2061 3561; x_wconf 90' lang='lat' dir='ltr'><strong>sit</strong></span> <span class='ocrx_word' id='word_1_236' title='bbox 2112 3511 2237 3586; x_wconf 90' lang='lat' dir='ltr'><strong>pro</strong></span> <span class='ocrx_word' id='word_1_237' title='bbox 2292 3484 2700 3585; x_wconf 89' lang='lat' dir='ltr'><strong>aequalibus</strong></span> <span class='ocrx_word' id='word_1_238' title='bbox 2755 3483 2976 3559; x_wconf 89' lang='lat' dir='ltr'><strong>otium</strong></span> <span class='ocrx_word' id='word_1_239' title='bbox 3024 3482 3284 3569; x_wconf 86' lang='lat' dir='ltr'><strong>nactis,</strong></span> <span class='ocrx_word' id='word_1_240' title='bbox 3334 3481 3636 3557; x_wconf 89' lang='lat' dir='ltr'><strong>iuniores</strong></span> 
     </span>
     <span class='ocr_line' id='line_1_25' title="bbox 586 3601 3637 3706; baseline -0.002 -27"><span class='ocrx_word' id='word_1_241' title='bbox 586 3629 854 3704; x_wconf 86' lang='lat' dir='ltr'><strong>semper</strong></span> <span class='ocrx_word' id='word_1_242' title='bbox 924 3605 1059 3679; x_wconf 91' lang='lat' dir='ltr'><strong>tibi</strong></span> <span class='ocrx_word' id='word_1_243' title='bbox 1136 3605 1285 3680; x_wconf 90' lang='lat' dir='ltr'><strong>dari</strong></span> <span class='ocrx_word' id='word_1_244' title='bbox 1347 3607 1680 3706; x_wconf 83' lang='lat' dir='ltr'><strong>collegas!</strong></span> <span class='ocrx_word' id='word_1_245' title='bbox 1784 3605 2073 3680; x_wconf 88' lang='lat' dir='ltr'><strong>Utinam</strong></span> <span class='ocrx_word' id='word_1_246' title='bbox 2128 3615 2212 3679; x_wconf 92' lang='lat' dir='ltr'><strong>tu</strong></span> <span class='ocrx_word' id='word_1_247' title='bbox 2276 3613 2403 3679; x_wconf 90' lang='lat' dir='ltr'><strong>tua</strong></span> <span class='ocrx_word' id='word_1_248' title='bbox 2443 3612 2548 3678; x_wconf 92' lang='lat' dir='ltr'><strong>tot</strong></span> <span class='ocrx_word' id='word_1_249' title='bbox 2593 3626 2932 3678; x_wconf 89' lang='lat' dir='ltr'><strong>annorum</strong></span> <span class='ocrx_word' id='word_1_250' title='bbox 2980 3601 3400 3701; x_wconf 82' lang='lat' dir='ltr'><strong>experientia</strong></span> <span class='ocrx_word' id='word_1_251' title='bbox 3442 3626 3637 3675; x_wconf 90' lang='lat' dir='ltr'><strong>meae</strong></span> 
     </span>
     <span class='ocr_line' id='line_1_26' title="bbox 584 3720 3639 3825; baseline -0.002 -25"><span class='ocrx_word' id='word_1_252' title='bbox 584 3725 969 3824; x_wconf 82' lang='lat' dir='ltr'><strong>imperitiae</strong></span> <span class='ocrx_word' id='word_1_253' title='bbox 1058 3726 1452 3800; x_wconf 86' lang='lat' dir='ltr'><strong>succurras!</strong></span> <span class='ocrx_word' id='word_1_254' title='bbox 1574 3725 1921 3825; x_wconf 87' lang='lat' dir='ltr'><strong>Equidem</strong></span> <span class='ocrx_word' id='word_1_255' title='bbox 1993 3749 2202 3822; x_wconf 89' lang='lat' dir='ltr'><strong>quem</strong></span> <span class='ocrx_word' id='word_1_256' title='bbox 2272 3724 2833 3825; x_wconf 81' lang='lat' dir='ltr'><strong>praeceptoribus</strong></span> <span class='ocrx_word' id='word_1_257' title='bbox 2897 3747 3012 3798; x_wconf 91' lang='lat' dir='ltr'><strong>me</strong></span> <span class='ocrx_word' id='word_1_258' title='bbox 3082 3720 3432 3821; x_wconf 86' lang='lat' dir='ltr'><strong>praestiti,</strong></span> <span class='ocrx_word' id='word_1_259' title='bbox 3505 3721 3639 3794; x_wconf 90' lang='lat' dir='ltr'><strong>tibi</strong></span> 
     </span>
     <span class='ocr_line' id='line_1_27' title="bbox 586 3846 2085 3945; baseline 0 -23"><span class='ocrx_word' id='word_1_260' title='bbox 586 3847 796 3922; x_wconf 87' lang='lat' dir='ltr'><strong>etiam</strong></span> <span class='ocrx_word' id='word_1_261' title='bbox 846 3847 1099 3921; x_wconf 88' lang='lat' dir='ltr'><strong>seniori</strong></span> <span class='ocrx_word' id='word_1_262' title='bbox 1138 3846 1593 3945; x_wconf 88' lang='lat' dir='ltr'><strong>obsequiosus</strong></span> <span class='ocrx_word' id='word_1_263' title='bbox 1644 3871 1760 3922; x_wconf 91' lang='lat' dir='ltr'><strong>ero</strong></span> <span class='ocrx_word' id='word_1_264' title='bbox 1801 3846 2085 3945; x_wconf 88' lang='lat' dir='ltr'><strong>collega.</strong></span> 
     </span>
    </p>

    <p class='ocr_par' dir='ltr' id='par_1_7' title="bbox 582 3961 3638 4422">
     <span class='ocr_line' id='line_1_28' title="bbox 682 3961 3637 4067; baseline -0.002 -28"><span class='ocrx_word' id='word_1_265' title='bbox 682 3965 826 4053; x_wconf 81' lang='lat' dir='ltr'><strong>Tu,</strong></span> <span class='ocrx_word' id='word_1_266' title='bbox 873 3965 986 4040; x_wconf 89' lang='lat' dir='ltr'><strong>Cl.</strong></span> <span class='ocrx_word' id='word_1_267' title='bbox 1029 3983 1455 4054; x_wconf 70' lang='lat' dir='ltr'><strong>vlssmunc,</strong></span> <span class='ocrx_word' id='word_1_268' title='bbox 1506 3991 1619 4042; x_wconf 91' lang='lat' dir='ltr'><strong>me</strong></span> <span class='ocrx_word' id='word_1_269' title='bbox 1664 3967 1867 4067; x_wconf 89' lang='lat' dir='ltr'><strong>plane</strong></span> <span class='ocrx_word' id='word_1_270' title='bbox 1916 3966 2047 4040; x_wconf 92' lang='lat' dir='ltr'><strong>tibi</strong></span> <span class='ocrx_word' id='word_1_271' title='bbox 2087 3966 2408 4064; x_wconf 86' lang='lat' dir='ltr'><strong>ignotum</strong></span> <span class='ocrx_word' id='word_1_272' title='bbox 2456 3989 2538 4040; x_wconf 88' lang='lat' dir='ltr'><strong>ea</strong></span> <span class='ocrx_word' id='word_1_273' title='bbox 2580 3961 2910 4063; x_wconf 85' lang='lat' dir='ltr'><strong>excepisti</strong></span> <span class='ocrx_word' id='word_1_274' title='bbox 2950 3962 3382 4038; x_wconf 88' lang='lat' dir='ltr'><strong>humanitate</strong></span> <span class='ocrx_word' id='word_1_275' title='bbox 3423 3986 3637 4060; x_wconf 89' lang='lat' dir='ltr'><strong>quam</strong></span> 
     </span>
     <span class='ocr_line' id='line_1_29' title="bbox 582 4081 3638 4186; baseline -0.001 -29"><span class='ocrx_word' id='word_1_276' title='bbox 582 4085 655 4158; x_wconf 90' lang='lat' dir='ltr'><strong>in</strong></span> <span class='ocrx_word' id='word_1_277' title='bbox 722 4093 793 4158; x_wconf 88' lang='lat' dir='ltr'><strong>te</strong></span> <span class='ocrx_word' id='word_1_278' title='bbox 860 4107 1013 4158; x_wconf 89' lang='lat' dir='ltr'><strong>esse</strong></span> <span class='ocrx_word' id='word_1_279' title='bbox 1084 4108 1169 4157; x_wconf 88' lang='lat' dir='ltr'><strong>ex</strong></span> <span class='ocrx_word' id='word_1_280' title='bbox 1222 4084 1375 4158; x_wconf 89' lang='lat' dir='ltr'><strong>aliis</strong></span> <span class='ocrx_word' id='word_1_281' title='bbox 1422 4085 1837 4161; x_wconf 90' lang='lat' dir='ltr'><strong>iamdudum</strong></span> <span class='ocrx_word' id='word_1_282' title='bbox 1882 4085 2241 4186; x_wconf 88' lang='lat' dir='ltr'><strong>cognitum</strong></span> <span class='ocrx_word' id='word_1_283' title='bbox 2289 4083 2656 4162; x_wconf 85' lang='lat' dir='ltr'><strong>habebam.</strong></span> <span class='ocrx_word' id='word_1_284' title='bbox 2754 4082 2961 4158; x_wconf 90' lang='lat' dir='ltr'><strong>Hanc</strong></span> <span class='ocrx_word' id='word_1_285' title='bbox 3009 4091 3198 4157; x_wconf 88' lang='lat' dir='ltr'><strong>certo</strong></span> <span class='ocrx_word' id='word_1_286' title='bbox 3247 4107 3444 4181; x_wconf 88' lang='lat' dir='ltr'><strong>spero</strong></span> <span class='ocrx_word' id='word_1_287' title='bbox 3495 4081 3638 4155; x_wconf 86' lang='lat' dir='ltr'><strong>fore</strong></span> 
     </span>
     <span class='ocr_line' id='line_1_30' title="bbox 585 4201 3638 4304; baseline -0.001 -26"><span class='ocrx_word' id='word_1_288' title='bbox 585 4202 961 4278; x_wconf 87' lang='lat' dir='ltr'><strong>amicitiam</strong></span> <span class='ocrx_word' id='word_1_289' title='bbox 1024 4215 1331 4279; x_wconf 89' lang='lat' dir='ltr'><strong>nostram</strong></span> <span class='ocrx_word' id='word_1_290' title='bbox 1398 4212 1480 4279; x_wconf 91' lang='lat' dir='ltr'><strong>ut</strong></span> <span class='ocrx_word' id='word_1_291' title='bbox 1530 4206 1703 4304; x_wconf 88' lang='lat' dir='ltr'><strong>ipsis</strong></span> <span class='ocrx_word' id='word_1_292' title='bbox 1751 4231 1929 4304; x_wconf 88' lang='lat' dir='ltr'><strong>quae</strong></span> <span class='ocrx_word' id='word_1_293' title='bbox 1978 4204 2179 4279; x_wconf 90' lang='lat' dir='ltr'><strong>nobis</strong></span> <span class='ocrx_word' id='word_1_294' title='bbox 2224 4204 2590 4280; x_wconf 86' lang='lat' dir='ltr'><strong>mandatae</strong></span> <span class='ocrx_word' id='word_1_295' title='bbox 2643 4211 2812 4276; x_wconf 90' lang='lat' dir='ltr'><strong>sunt</strong></span> <span class='ocrx_word' id='word_1_296' title='bbox 2855 4201 3280 4302; x_wconf 88' lang='lat' dir='ltr'><strong>gravissimis</strong></span> <span class='ocrx_word' id='word_1_297' title='bbox 3323 4201 3638 4300; x_wconf 88' lang='lat' dir='ltr'><strong>quamvis</strong></span> 
     </span>
     <span class='ocr_line' id='line_1_31' title="bbox 586 4319 3126 4422; baseline 0.001 -26"><span class='ocrx_word' id='word_1_298' title='bbox 586 4322 873 4396; x_wconf 87' lang='lat' dir='ltr'><strong>diversis</strong></span> <span class='ocrx_word' id='word_1_299' title='bbox 923 4319 1295 4420; x_wconf 86' lang='lat' dir='ltr'><strong>provinciis</strong></span> <span class='ocrx_word' id='word_1_300' title='bbox 1341 4320 1521 4396; x_wconf 91' lang='lat' dir='ltr'><strong>bene</strong></span> <span class='ocrx_word' id='word_1_301' title='bbox 1569 4322 2136 4398; x_wconf 88' lang='lat' dir='ltr'><strong>administrandis</strong></span> <span class='ocrx_word' id='word_1_302' title='bbox 2184 4347 2397 4420; x_wconf 83' lang='lat' dir='ltr'><strong>quam</strong></span> <span class='ocrx_word' id='word_1_303' title='bbox 2449 4323 2751 4398; x_wconf 85' lang='lat' dir='ltr'><strong>maxime</strong></span> <span class='ocrx_word' id='word_1_304' title='bbox 2793 4321 3126 4422; x_wconf 88' lang='lat' dir='ltr'><strong>proficiat.</strong></span> 
     </span>
    </p>

    <p class='ocr_par' dir='ltr' id='par_1_8' title="bbox 584 4437 3637 4754">
     <span class='ocr_line' id='line_1_32' title="bbox 680 4437 3637 4542; baseline -0 -28"><span class='ocrx_word' id='word_1_305' title='bbox 680 4441 977 4514; x_wconf 91' lang='lat' dir='ltr'><strong>Utinam</strong></span> <span class='ocrx_word' id='word_1_306' title='bbox 999 4497 1021 4528; x_wconf 91' lang='lat'><strong>,</strong></span> <span class='ocrx_word' id='word_1_307' title='bbox 1083 4441 1405 4540; x_wconf 88' lang='lat' dir='ltr'><strong>Collegae</strong></span> <span class='ocrx_word' id='word_1_308' title='bbox 1472 4442 2011 4542; x_wconf 85' lang='lat' dir='ltr'><strong>exoptatissimi!</strong></span> <span class='ocrx_word' id='word_1_309' title='bbox 2084 4443 2289 4517; x_wconf 88' lang='lat' dir='ltr'><strong>sicuti</strong></span> <span class='ocrx_word' id='word_1_310' title='bbox 2349 4450 2613 4516; x_wconf 77' lang='lat' dir='ltr'><strong>vestrae</strong></span> <span class='ocrx_word' id='word_1_311' title='bbox 2675 4442 2772 4516; x_wconf 88' lang='lat' dir='ltr'><strong>ita</strong></span> <span class='ocrx_word' id='word_1_312' title='bbox 2817 4445 2892 4516; x_wconf 86' lang='lat' dir='ltr'><strong>et</strong></span> <span class='ocrx_word' id='word_1_313' title='bbox 2941 4464 3136 4514; x_wconf 86' lang='lat' dir='ltr'><strong>meae</strong></span> <span class='ocrx_word' id='word_1_314' title='bbox 3181 4437 3637 4513; x_wconf 89' lang='lat' dir='ltr'><strong>institutionis</strong></span> 
     </span>
     <span class='ocr_line' id='line_1_33' title="bbox 586 4557 3635 4661; baseline -0.001 -27"><span class='ocrx_word' id='word_1_315' title='bbox 586 4561 713 4634; x_wconf 91' lang='lat' dir='ltr'><strong>hos</strong></span> <span class='ocrx_word' id='word_1_316' title='bbox 776 4561 1053 4634; x_wconf 83' lang='lat' dir='ltr'><strong>fructus</strong></span> <span class='ocrx_word' id='word_1_317' title='bbox 1110 4559 1451 4661; x_wconf 87' lang='lat' dir='ltr'><strong>largiatur</strong></span> <span class='ocrx_word' id='word_1_318' title='bbox 1492 4563 1689 4636; x_wconf 87' lang='lat' dir='ltr'><strong>Deus</strong></span> <span class='ocrx_word' id='word_1_319' title='bbox 1705 4621 1728 4650; x_wconf 93' lang='lat'><strong>,</strong></span> <span class='ocrx_word' id='word_1_320' title='bbox 1776 4570 1857 4636; x_wconf 89' lang='lat' dir='ltr'><strong>ut</strong></span> <span class='ocrx_word' id='word_1_321' title='bbox 1906 4562 1979 4635; x_wconf 94' lang='lat' dir='ltr'><strong>in</strong></span> <span class='ocrx_word' id='word_1_322' title='bbox 2029 4563 2290 4660; x_wconf 88' lang='lat' dir='ltr'><strong>patriae</strong></span> <span class='ocrx_word' id='word_1_323' title='bbox 2335 4559 2882 4636; x_wconf 88' lang='lat' dir='ltr'><strong>emolumentum</strong></span> <span class='ocrx_word' id='word_1_324' title='bbox 2928 4583 3084 4634; x_wconf 84' lang='lat' dir='ltr'><strong>vere</strong></span> <span class='ocrx_word' id='word_1_325' title='bbox 3127 4559 3383 4658; x_wconf 90' lang='lat' dir='ltr'><strong>patrios</strong></span> <span class='ocrx_word' id='word_1_326' title='bbox 3426 4557 3635 4632; x_wconf 85' lang='lat' dir='ltr'><strong>infor-</strong></span> 
     </span>
     <span class='ocr_line' id='line_1_34' title="bbox 584 4678 1171 4754; baseline 0.002 -1"><span class='ocrx_word' id='word_1_327' title='bbox 584 4703 866 4754; x_wconf 88' lang='lat' dir='ltr'><strong>memus</strong></span> <span class='ocrx_word' id='word_1_328' title='bbox 916 4678 1171 4754; x_wconf 88' lang='lat' dir='ltr'><strong>ICtos!</strong></span> 
     </span>
    </p>

    <p class='ocr_par' dir='ltr' id='par_1_9' title="bbox 690 4797 3638 4900">
     <span class='ocr_line' id='line_1_35' title="bbox 690 4797 3638 4900; baseline 0.001 -30"><span class='ocrx_word' id='word_1_329' title='bbox 690 4797 807 4873; x_wconf 92' lang='lat' dir='ltr'><strong>Sic</strong></span> <span class='ocrx_word' id='word_1_330' title='bbox 868 4806 1144 4896; x_wconf 86' lang='lat' dir='ltr'><strong>egomet</strong></span> <span class='ocrx_word' id='word_1_331' title='bbox 1212 4799 1422 4874; x_wconf 89' lang='lat' dir='ltr'><strong>etiam</strong></span> <span class='ocrx_word' id='word_1_332' title='bbox 1440 4857 1463 4890; x_wconf 90' lang='lat'><strong>,</strong></span> <span class='ocrx_word' id='word_1_333' title='bbox 1538 4801 1641 4876; x_wconf 92' lang='lat' dir='ltr'><strong>uti</strong></span> <span class='ocrx_word' id='word_1_334' title='bbox 1708 4799 1957 4877; x_wconf 87' lang='lat' dir='ltr'><strong>caeteri</strong></span> <span class='ocrx_word' id='word_1_335' title='bbox 2016 4801 2221 4877; x_wconf 88' lang='lat' dir='ltr'><strong>vestri</strong></span> <span class='ocrx_word' id='word_1_336' title='bbox 2280 4807 2752 4900; x_wconf 85' lang='lat' dir='ltr'><strong>praeceptores</strong></span> <span class='ocrx_word' id='word_1_337' title='bbox 2771 4855 2794 4889; x_wconf 94' lang='lat'><strong>,</strong></span> <span class='ocrx_word' id='word_1_338' title='bbox 2855 4797 3154 4874; x_wconf 88' lang='lat' dir='ltr'><strong>Iuvenes</strong></span> <span class='ocrx_word' id='word_1_339' title='bbox 3196 4797 3638 4897; x_wconf 88' lang='lat' dir='ltr'><strong>praestantis-</strong></span> 
     </span>
    </p>
   </div>
  </div>
 </body>
</html>
