4730 6049
1001 664 1088 728 64
2070 663 2237 730 VAN
2284 659 2665 732 BONEVAL
2724 663 2991 730 FAURE

995 869 1306 944 obsoleta
1347 876 1418 942 et
1460 867 1693 944 inania
1736 867 2217 943 commendare
2235 927 2256 958 ‚
2305 870 2637 969 temporis
2676 869 2841 960 item
2887 894 3029 971 quo
3073 869 3313 946 vivant
3364 894 3535 946 usus
3584 875 3657 944 et
3701 869 4063 972 ingenium

997 991 1348 1090 negligere
1368 1048 1389 1078 ‚
1463 988 1535 1064 in
1602 989 1888 1064 caeteris
1951 996 2188 1064 autem
2251 1014 2432 1088 quae
2499 997 2689 1065 aetas
2758 989 2893 1064 fert
2944 990 3421 1066 diiudicandis
3472 999 3544 1065 et
3596 991 3880 1066 tuendis
3926 1016 4065 1068 non

998 1111 1133 1185 alio
1205 1109 1436 1184 studio
1508 1108 1670 1182 duci
1733 1116 2153 1183 censeantur
2201 1153 2300 1166 —-
2353 1109 2507 1184 fieri
2562 1109 2822 1210 possit,
2884 1109 3079 1185 AA.!
3136 1118 3218 1185 ut
3258 1110 3447 1186 idem
3495 1111 3585 1186 de
3633 1109 3805 1188 iuris
3850 1111 4069 1190 civilis

998 1228 1314 1305 hodierni
1371 1227 1610 1328 patrii,
1674 1228 1916 1329 lingua
1968 1229 2228 1328 quippe
2295 1228 2523 1328 patria
2591 1230 3002 1331 conscripti,
3072 1230 3445 1331 interprete
3490 1230 3708 1306 latino
3756 1255 4069 1308 sermone

999 1373 1259 1425 munus
1315 1373 1521 1422 suum
1587 1348 1990 1448 auspicante
2011 1406 2031 1437 ,
2099 1348 2441 1423 iudicium
2502 1348 2729 1424 ferant
2750 1409 2771 1439 ,
2822 1350 2949 1450 qui
2998 1348 3437 1426 classicarum
3485 1350 3871 1426 litterarum
3920 1360 4065 1427 stu-

995 1471 1194 1546 dium
1263 1469 1663 1546 arctissimis
1718 1469 1980 1545 finibus
2053 1468 2532 1544 circumscribi
2600 1471 2886 1571 cupiant
2942 1471 3051 1546 vel
3120 1471 3333 1547 etiam
3378 1471 3556 1546 illud
3614 1471 3819 1571 plane
3868 1471 4063 1548 abro-

996 1592 1147 1693 gari
1196 1591 1385 1666 haud
1433 1589 1635 1665 inviti
1680 1589 2058 1689 patiantur.

1096 1711 1448 1810 Equidem
1513 1735 1671 1785 vero
1736 1735 1957 1810 quum
2027 1733 2255 1808 neque
2331 1709 2663 1809 temporis
2742 1711 2933 1809 quod
3002 1711 3299 1786 vivimus
3347 1711 3709 1811 ingenium
3751 1712 4067 1811 ignorare

901 1893 914 1904 .
995 1856 1225 1931 neque
1273 1831 1470 1906 flocci
1508 1830 1730 1905 facere
1773 1831 1847 1904 in
1891 1830 2125 1905 animo
2176 1827 2473 1905 habeam
2496 1889 2517 1920 ,
2569 1829 2709 1922 hoc,
2748 1829 2851 1904 illi
2896 1831 3269 1906 concedam
3290 1890 3313 1921 ,
3362 1839 3445 1907 ut
3484 1831 3725 1932 paucis
3768 1830 4065 1908 rationes

993 1953 1282 2028 reddam
1299 2009 1320 2040 ,
1369 1975 1494 2025 cur
1541 1951 1755 2025 latino
1803 1974 2116 2025 sermone
2167 1949 2273 2022 uti
2323 1950 2825 2026 constituerim.

1093 2070 1582 2146 Necessarium
1644 2069 1774 2146 hoc
1817 2069 1992 2145 mihi
2036 2069 2265 2144 visum
2314 2077 2423 2144 est
2472 2078 2752 2169 propter
2798 2070 2977 2170 legis
3019 2070 3356 2146 disertum
3401 2071 3776 2172 placitum;
3828 2071 4065 2172 legum

996 2216 1154 2266 vero
1196 2190 1704 2266 observantiam
1751 2191 1930 2265 tueri
1979 2190 2166 2265 Iuris
2219 2189 2583 2290 interpreti
2631 2189 3043 2289 primarium
3088 2198 3529 2292 praeceptum
3576 2200 3705 2267 est.

1091 2311 1193 2384 At
1257 2352 1356 2367 —
1420 2310 1692 2386 veniam
1757 2309 1933 2411 legis
1995 2309 2086 2385 ab
2155 2309 2605 2409 amplissimis
2693 2308 2855 2384 viris
2872 2367 2895 2398 ,
2956 2311 3083 2409 qui
3150 2337 3259 2388 res
3315 2312 3735 2389 Academiae
3780 2321 4063 2409 curant,

994 2430 1107 2504 lex
1165 2430 1317 2530 ipsa
1379 2439 1624 2529 petere
1676 2431 2037 2530 permittit.
2149 2430 2308 2506 Scio
2359 2428 2687 2530 equidem
2715 2489 2737 2520 ,
2788 2431 2911 2506 sed
2969 2430 3119 2506 sine
3165 2431 3418 2508 idonea
3462 2457 3673 2508 causa
3728 2432 3909 2508 hanc
3952 2455 4063 2506 ve-

994 2551 1183 2626 niam
1249 2550 1398 2624 dari
1445 2575 1583 2625 non
1631 2575 1834 2649 posse
1885 2577 2091 2627 nemo
2143 2559 2290 2640 est,
2359 2551 2485 2650 qui
2541 2559 2795 2650 neget,
2858 2575 3089 2651 neque
3137 2553 3462 2651 equidem
3514 2553 3661 2627 sine
3700 2552 3952 2627 idonea
3994 2559 4066 2625 et

989 2669 1442 2770 irrefragabili
1515 2696 1724 2746 causa
1782 2671 1977 2746 illam
2042 2679 2278 2773 petere
2351 2671 2829 2747 sustinuerim.
2956 2671 3333 2748 Manifesta
3400 2672 3588 2746 enim
3659 2670 4065 2772 legislatoris

993 2793 1313 2866 voluntas
1374 2792 1543 2866 haec
1594 2799 1702 2866 est
1747 2799 1830 2866 ut
1879 2805 2158 2868 maneat
2215 2792 2532 2892 exceptio
2582 2791 2702 2866 illa
2755 2791 2953 2866 venia
3000 2815 3229 2890 neque
3270 2799 3416 2866 tam
3462 2791 3860 2892 frequenter
3902 2815 4063 2866 con-

955 2895 1277 2988 'cedatur
1321 2919 1400 2984 ut
1443 2912 1757 3011 regulam
1807 2912 2004 2987 tollat
2019 2945 2039 3000 3
2091 2918 2206 3000 et,
2262 2912 2323 2985 si
2368 2911 2546 2986 forte
2594 2911 3029 3010 frequentius
3072 2912 3213 2986 iam
3259 2911 3492 2987 danda
3532 2911 3627 2986 sit
3673 2935 3886 3013 quam
3930 2912 4067 3011 ipsi

991 3032 1368 3131 legislatori
1435 3057 1562 3106 sua
1634 3040 1860 3107 aetate
1933 3033 2102 3107 utile
2173 3033 2279 3108 vel
2349 3032 2819 3108 necessarium
2890 3033 3117 3108 visum
3183 3031 3395 3109 fuerit
3412 3092 3433 3123 ,
3504 3058 3761 3134 urgens
3826 3043 4060 3109 tamen

992 3152 1205 3226 etiam
1264 3176 1452 3226 nunc
1519 3135 1762 3227 adesse
1823 3151 2034 3227 debet
2083 3152 2461 3228 necessitas
2480 3211 2502 3241 ,
2553 3151 2661 3227 uti
2711 3176 2773 3228 v.
2811 3178 2872 3228 c.
2921 3152 2995 3227 in
3047 3152 3462 3229 lectionibus
3509 3153 3599 3228 de
3644 3154 3797 3229 iure
3842 3150 4064 3253 patrio

993 3271 1370 3360 habendis,
1438 3256 1618 3371 quae
1664 3271 1726 3345 si
1767 3272 1992 3371 patrio
2035 3296 2349 3347 sermone
2397 3297 2537 3347 non
2594 3272 3056 3363 haberentur,
3118 3272 3273 3371 ipsa
3338 3297 3449 3349 res
3512 3272 3601 3348 de
3646 3297 3787 3371 qua
3832 3270 4065 3373 agitur

995 3416 1084 3467 ne
1139 3391 1312 3491 quid
1355 3391 1753 3467 detrimenti
1793 3402 2082 3492 captura
2131 3392 2222 3468 sit
2277 3416 2719 3493 summopere
2766 3416 3018 3468 verear.
3092 3392 3465 3467 Caeterum
3514 3416 3786 3492 semper
3822 3399 4061 3467 tenen·

994 3513 1170 3588 dum
1235 3518 1342 3587 est
1416 3512 1594 3588 hanc
1665 3511 1950 3587 demum
2010 3538 2162 3589 esse
2244 3538 2477 3589 veram
2547 3512 2723 3614 legis
2783 3512 3237 3589 reverentiam
3300 3520 3425 3603 ut,
3490 3536 3633 3614 quc
3697 3510 3933 3587 durior
3973 3510 4063 3584 sit

859 3652 870 3663 ·
993 3635 1104 3709 lex
1185 3633 1291 3708 vel
1363 3631 1699 3732 ingratior
1715 3690 1736 3721 ,
1815 3657 1898 3706 eo
1971 3632 2192 3709 maior
2268 3633 2567 3709 ducatur
2645 3630 2865 3737 gloria
2948 3631 3363 3721 obediendi,
3442 3656 3675 3732 neque
3756 3639 4061 3708 nostram

950 3751 959 3759 ’
996 3753 1405 3856 sapientiam
1454 3777 1666 3851 quam
1716 3752 2127 3851 legislatoris
2183 3753 2671 3853 sapientiorem
2721 3753 2937 3829 videri
2986 3752 3319 3828 velimus!

1093 3870 1290 3947 Num
1351 3870 1566 3971 igitur
1625 3871 1738 3948 hic
1787 3871 1964 3946 forte
2023 3874 2463 3973 argumenti,
2530 3898 2703 3949 num
2744 3882 2970 3949 vestra
3018 3872 3127 3947 vel
3176 3896 3335 3947 mea
3378 3871 3559 3947 ratio
3610 3872 3883 3947 veniam
3928 3870 4058 3945 im-

996 4000 1266 4091 petrare
1332 3991 1690 4090 postulat?
1789 3992 1898 4067 De
1963 4000 2381 4092 argumento
2446 4018 2610 4069 mox
2680 3992 2817 4093 ipsi
2886 3990 3321 4081 iudicabitis;
3388 4015 3563 4066 num
3613 3997 3838 4065 vestra
3886 3988 4063 4065 ratio

994 4112 1340 4213 postulet,
1389 4134 1504 4185 me
1553 4136 1638 4186 ee
1686 4112 1808 4185 hoc
1851 4113 1994 4187 loco
2051 4137 2192 4188 non
2243 4113 2461 4189 latino
2506 4112 2651 4187 sed.
2678 4113 2903 4212 patrio
2958 4135 3272 4187 sermone
3327 4112 3535 4187 verba
3583 4111 3840 4202 facere,
3890 4107 4065 4185 serio

996 4234 1298 4333 cogitare
1361 4255 1502 4308 non
1567 4232 1826 4320 ausim;
1893 4232 2117 4331 ipsam
2168 4233 2346 4311 hanc
2394 4232 2598 4333 quasi
2645 4231 3155 4308 dubitationem
3203 4232 3671 4331 percontando
3726 4230 4066 4330 prolatam

995 4354 1340 4431 excusetis
1360 4411 1380 4444 ‚
1446 4376 1705 4453 precor.
1810 4352 2025 4430 Quod
2095 4358 2334 4425 autem
2400 4376 2517 4426 me
2576 4351 2809 4451 ipsum
2864 4349 3157 4439 attinet,
3204 4349 3379 4424 iuris
3418 4348 3780 4451 interpreti
3824 4370 4063 4423 conce-

999 4475 1182 4550 datis
1241 4475 1422 4549 hanc
1486 4471 1762 4572 legibus
1810 4468 2184 4546 obediendi
2234 4470 2527 4569 gloriam
2572 4510 2677 4530 -·
2723 4470 3170 4545 vehementer
3214 4469 3399 4545 enim
3456 4494 3573 4545 me
3620 4469 3917 4569 puderet
3933 4524 3954 4557 ,
4004 4464 4065 4541 si

998 4618 1229 4669 meam
1294 4592 1710 4692 imperitiam
1787 4600 2150 4689 tamquam
2217 4590 2567 4665 obsoletae
2630 4590 2771 4691 legi
2834 4590 3081 4690 culpae
3151 4590 3472 4665 verterim
3532 4632 3639 4651 --
3688 4586 4063 4688 ignoscatis

999 4721 1234 4788 tamen
1256 4771 1279 4802 ,
1345 4710 1406 4787 si
1453 4712 1542 4787 de
1603 4710 1816 4787 latine
1879 4709 2152 4785 dicendi
2211 4708 2581 4785 insolentia
2632 4717 2705 4784 et
2747 4708 3273 4787 difficultatibus
3323 4735 3412 4785 ex
3462 4734 3621 4785 meo
3677 4708 3873 4784 vobis
3922 4728 4060 4783 ser·

1007 4855 1214 4907 mone
1261 4830 1486 4931 magis
1534 4830 1864 4907 constitit.
