<?xml version="1.0" encoding="UTF-8"?>
<!DOCTYPE html PUBLIC "-//W3C//DTD XHTML 1.0 Transitional//EN"
    "http://www.w3.org/TR/xhtml1/DTD/xhtml1-transitional.dtd">
<html xmlns="http://www.w3.org/1999/xhtml" xml:lang="en" lang="en">
 <head>
  <title>
</title>
<meta http-equiv="Content-Type" content="text/html;charset=utf-8" />
  <meta name='ocr-system' content='tesseract 3.04.00' />
  <meta name='ocr-capabilities' content='ocr_page ocr_carea ocr_par ocr_line ocrx_word'/>
</head>
<body>
  <div class='ocr_page' id='page_1' title='image "annalesacademic01confgoog_0064.png"; bbox 0 0 4730 6049; ppageno 0'>
   <div class='ocr_carea' id='block_1_1' title="bbox 1056 659 3020 730">
    <p class='ocr_par' dir='ltr' id='par_1_1' title="bbox 1056 659 3020 730">
     <span class='ocr_line' id='line_1_1' title="bbox 1056 659 3020 730; baseline 0.002 -7"><span class='ocrx_word' id='word_1_1' title='bbox 1056 659 1157 724; x_wconf 69' lang='lat'><strong>54</strong></span> <span class='ocrx_word' id='word_1_2' title='bbox 2140 662 2242 729; x_wconf 58' lang='lat'><strong>„1.</strong></span> <span class='ocrx_word' id='word_1_3' title='bbox 2308 663 2382 729; x_wconf 82' lang='lat' dir='ltr'><strong>E.</strong></span> <span class='ocrx_word' id='word_1_4' title='bbox 2450 659 3020 730; x_wconf 69' lang='lat' dir='ltr'><strong>Gounsnl&#39;r</strong></span> 
     </span>
    </p>
   </div>
   <div class='ocr_carea' id='block_1_2' title="bbox 798 865 4206 2649">
    <p class='ocr_par' dir='ltr' id='par_1_2' title="bbox 798 865 4206 2649">
     <span class='ocr_line' id='line_1_2' title="bbox 1026 865 4124 968; baseline 0.001 -27"><span class='ocrx_word' id='word_1_5' title='bbox 1026 867 1244 941; x_wconf 81' lang='lat' dir='ltr'><strong>-dum</strong></span> <span class='ocrx_word' id='word_1_6' title='bbox 1313 865 1659 966; x_wconf 90' lang='lat' dir='ltr'><strong>quidquid</strong></span> <span class='ocrx_word' id='word_1_7' title='bbox 1730 865 1991 944; x_wconf 81' lang='lat' dir='ltr'><strong>frustra</strong></span> <span class='ocrx_word' id='word_1_8' title='bbox 2052 867 2502 943; x_wconf 76' lang='lat' dir='ltr'><strong>contenderet</strong></span> <span class='ocrx_word' id='word_1_9' title='bbox 2573 891 2836 944; x_wconf 74' lang='lat' dir='ltr'><strong>mosao</strong></span> <span class='ocrx_word' id='word_1_10' title='bbox 2856 927 2876 958; x_wconf 99' lang='lat'><strong>,</strong></span> <span class='ocrx_word' id='word_1_11' title='bbox 2942 894 3192 968; x_wconf 87' lang='lat' dir='ltr'><strong>parum</strong></span> <span class='ocrx_word' id='word_1_12' title='bbox 3249 867 3523 944; x_wconf 76' lang='lat' dir='ltr'><strong>solliciti</strong></span> <span class='ocrx_word' id='word_1_13' title='bbox 3566 878 3769 944; x_wconf 83' lang='lat' dir='ltr'><strong>erant</strong></span> <span class='ocrx_word' id='word_1_14' title='bbox 3815 891 4124 967; x_wconf 77' lang='lat' dir='ltr'><strong>perscru-</strong></span> 
     </span>
     <span class='ocr_line' id='line_1_3' title="bbox 1072 986 4130 1089; baseline 0.001 -29"><span class='ocrx_word' id='word_1_15' title='bbox 1072 986 1203 1060; x_wconf 81' lang='lat' dir='ltr'><strong>tari</strong></span> <span class='ocrx_word' id='word_1_16' title='bbox 1223 1045 1243 1075; x_wconf 96' lang='lat'><strong>,</strong></span> <span class='ocrx_word' id='word_1_17' title='bbox 1308 988 1469 1086; x_wconf 89' lang='lat' dir='ltr'><strong>quis</strong></span> <span class='ocrx_word' id='word_1_18' title='bbox 1534 996 1717 1062; x_wconf 86' lang='lat' dir='ltr'><strong>esset</strong></span> <span class='ocrx_word' id='word_1_19' title='bbox 1768 989 1928 1062; x_wconf 88' lang='lat' dir='ltr'><strong>finis</strong></span> <span class='ocrx_word' id='word_1_20' title='bbox 1983 988 2326 1062; x_wconf 90' lang='lat' dir='ltr'><strong>bonorum</strong></span> <span class='ocrx_word' id='word_1_21' title='bbox 2384 995 2507 1063; x_wconf 92' lang='lat' dir='ltr'><strong>aut</strong></span> <span class='ocrx_word' id='word_1_22' title='bbox 2571 989 2914 1064; x_wconf 86' lang='lat' dir='ltr'><strong>malorum</strong></span> <span class='ocrx_word' id='word_1_23' title='bbox 2935 1047 2955 1077; x_wconf 95' lang='lat'><strong>,</strong></span> <span class='ocrx_word' id='word_1_24' title='bbox 3013 989 3186 1088; x_wconf 91' lang='lat' dir='ltr'><strong>quid</strong></span> <span class='ocrx_word' id='word_1_25' title='bbox 3249 997 3616 1088; x_wconf 87' lang='lat' dir='ltr'><strong>sequatur,</strong></span> <span class='ocrx_word' id='word_1_26' title='bbox 3677 988 3852 1089; x_wconf 89' lang='lat' dir='ltr'><strong>quid</strong></span> <span class='ocrx_word' id='word_1_27' title='bbox 3901 987 4130 1086; x_wconf 75' lang='lat' dir='ltr'><strong>fugiat</strong></span> 
     </span>
     <span class='ocr_line' id='line_1_4' title="bbox 1068 1105 4130 1207; baseline -0.001 -25"><span class='ocrx_word' id='word_1_28' title='bbox 1068 1114 1338 1184; x_wconf 86' lang='lat' dir='ltr'><strong>natura.</strong></span> <span class='ocrx_word' id='word_1_29' title='bbox 1440 1107 1713 1182; x_wconf 87' lang='lat' dir='ltr'><strong>Haecce</strong></span> <span class='ocrx_word' id='word_1_30' title='bbox 1752 1109 2229 1183; x_wconf 84' lang='lat' dir='ltr'><strong>Romanorum</strong></span> <span class='ocrx_word' id='word_1_31' title='bbox 2274 1132 2318 1182; x_wconf 87' lang='lat' dir='ltr'><strong>a</strong></span> <span class='ocrx_word' id='word_1_32' title='bbox 2362 1131 2554 1182; x_wconf 87' lang='lat' dir='ltr'><strong>mera</strong></span> <span class='ocrx_word' id='word_1_33' title='bbox 2595 1107 3176 1206; x_wconf 77' lang='lat' dir='ltr'><strong>contemplatione</strong></span> <span class='ocrx_word' id='word_1_34' title='bbox 3217 1115 3290 1183; x_wconf 93' lang='lat' dir='ltr'><strong>et</strong></span> <span class='ocrx_word' id='word_1_35' title='bbox 3323 1107 3854 1207; x_wconf 83' lang='lat' dir='ltr'><strong>philosophandi</strong></span> <span class='ocrx_word' id='word_1_36' title='bbox 3897 1105 4130 1181; x_wconf 83' lang='lat' dir='ltr'><strong>studio</strong></span> 
     </span>
     <span class='ocr_line' id='line_1_5' title="bbox 798 1199 4124 1326; baseline -0 -24"><span class='ocrx_word' id='word_1_37' title='bbox 798 1199 825 1284; x_wconf 60' lang='lat' dir='ltr'><strong>l</strong></span> <span class='ocrx_word' id='word_1_38' title='bbox 1066 1227 1295 1302; x_wconf 82' lang='lat' dir='ltr'><strong>aliena</strong></span> <span class='ocrx_word' id='word_1_39' title='bbox 1350 1227 1619 1302; x_wconf 85' lang='lat' dir='ltr'><strong>indoles</strong></span> <span class='ocrx_word' id='word_1_40' title='bbox 1636 1286 1656 1316; x_wconf 95' lang='lat'><strong>,</strong></span> <span class='ocrx_word' id='word_1_41' title='bbox 1721 1228 1799 1301; x_wconf 92' lang='lat' dir='ltr'><strong>in</strong></span> <span class='ocrx_word' id='word_1_42' title='bbox 1864 1228 2035 1302; x_wconf 83' lang='lat' dir='ltr'><strong>Ictis</strong></span> <span class='ocrx_word' id='word_1_43' title='bbox 2104 1251 2386 1326; x_wconf 91' lang='lat' dir='ltr'><strong>quoque</strong></span> <span class='ocrx_word' id='word_1_44' title='bbox 2441 1253 2682 1302; x_wconf 90' lang='lat' dir='ltr'><strong>eorum</strong></span> <span class='ocrx_word' id='word_1_45' title='bbox 2739 1228 3144 1326; x_wconf 81' lang='lat' dir='ltr'><strong>conspicua</strong></span> <span class='ocrx_word' id='word_1_46' title='bbox 3171 1235 3299 1303; x_wconf 88' lang='lat' dir='ltr'><strong>est.</strong></span> <span class='ocrx_word' id='word_1_47' title='bbox 3401 1229 3564 1302; x_wconf 92' lang='lat' dir='ltr'><strong>Non</strong></span> <span class='ocrx_word' id='word_1_48' title='bbox 3612 1228 3687 1302; x_wconf 90' lang='lat' dir='ltr'><strong>in</strong></span> <span class='ocrx_word' id='word_1_49' title='bbox 3743 1227 4124 1302; x_wconf 82' lang='lat' dir='ltr'><strong>scholarum</strong></span> 
     </span>
     <span class='ocr_line' id='line_1_6' title="bbox 1072 1345 4128 1447; baseline -0.001 -24"><span class='ocrx_word' id='word_1_50' title='bbox 1072 1347 1321 1423; x_wconf 87' lang='lat' dir='ltr'><strong>umbra</strong></span> <span class='ocrx_word' id='word_1_51' title='bbox 1384 1348 1864 1422; x_wconf 79' lang='lat' dir='ltr'><strong>delitescentes</strong></span> <span class='ocrx_word' id='word_1_52' title='bbox 1884 1405 1907 1437; x_wconf 96' lang='lat'><strong>,</strong></span> <span class='ocrx_word' id='word_1_53' title='bbox 1974 1347 2099 1422; x_wconf 89' lang='lat' dir='ltr'><strong>sed</strong></span> <span class='ocrx_word' id='word_1_54' title='bbox 2152 1347 2225 1421; x_wconf 91' lang='lat' dir='ltr'><strong>in</strong></span> <span class='ocrx_word' id='word_1_55' title='bbox 2278 1347 2514 1421; x_wconf 83' lang='lat' dir='ltr'><strong>media</strong></span> <span class='ocrx_word' id='word_1_56' title='bbox 2563 1347 2928 1422; x_wconf 89' lang='lat' dir='ltr'><strong>hominum</strong></span> <span class='ocrx_word' id='word_1_57' title='bbox 2975 1347 3116 1422; x_wconf 86' lang='lat' dir='ltr'><strong>vita</strong></span> <span class='ocrx_word' id='word_1_58' title='bbox 3166 1347 3500 1447; x_wconf 82' lang='lat' dir='ltr'><strong>degentes</strong></span> <span class='ocrx_word' id='word_1_59' title='bbox 3521 1406 3540 1436; x_wconf 90' lang='lat'><strong>,</strong></span> <span class='ocrx_word' id='word_1_60' title='bbox 3610 1348 3680 1421; x_wconf 91' lang='lat' dir='ltr'><strong>in</strong></span> <span class='ocrx_word' id='word_1_61' title='bbox 3733 1371 3816 1420; x_wconf 88' lang='lat' dir='ltr'><strong>eo</strong></span> <span class='ocrx_word' id='word_1_62' title='bbox 3857 1345 4128 1445; x_wconf 79' lang='lat' dir='ltr'><strong>potissi-</strong></span> 
     </span>
     <span class='ocr_line' id='line_1_7' title="bbox 1072 1466 4128 1567; baseline -0.001 -25"><span class='ocrx_word' id='word_1_63' title='bbox 1072 1493 1269 1542; x_wconf 89' lang='lat' dir='ltr'><strong>mum</strong></span> <span class='ocrx_word' id='word_1_64' title='bbox 1326 1468 1772 1557; x_wconf 89' lang='lat' dir='ltr'><strong>laborabant,</strong></span> <span class='ocrx_word' id='word_1_65' title='bbox 1842 1475 1925 1542; x_wconf 87' lang='lat' dir='ltr'><strong>ut</strong></span> <span class='ocrx_word' id='word_1_66' title='bbox 1968 1467 2500 1542; x_wconf 88' lang='lat' dir='ltr'><strong>consulentibus</strong></span> <span class='ocrx_word' id='word_1_67' title='bbox 2545 1467 2814 1567; x_wconf 89' lang='lat' dir='ltr'><strong>copiam</strong></span> <span class='ocrx_word' id='word_1_68' title='bbox 2869 1468 2979 1541; x_wconf 91' lang='lat' dir='ltr'><strong>sui</strong></span> <span class='ocrx_word' id='word_1_69' title='bbox 3017 1467 3333 1542; x_wconf 88' lang='lat' dir='ltr'><strong>faciendo</strong></span> <span class='ocrx_word' id='word_1_70' title='bbox 3355 1526 3376 1556; x_wconf 91' lang='lat'>‚</span> <span class='ocrx_word' id='word_1_71' title='bbox 3429 1467 3538 1542; x_wconf 85' lang='lat' dir='ltr'><strong>vel</strong></span> <span class='ocrx_word' id='word_1_72' title='bbox 3583 1467 3818 1566; x_wconf 86' lang='lat' dir='ltr'><strong>gravia</strong></span> <span class='ocrx_word' id='word_1_73' title='bbox 3863 1466 3937 1539; x_wconf 90' lang='lat' dir='ltr'><strong>in</strong></span> <span class='ocrx_word' id='word_1_74' title='bbox 3983 1491 4128 1564; x_wconf 87' lang='lat' dir='ltr'><strong>rep.</strong></span> 
     </span>
     <span class='ocr_line' id='line_1_8' title="bbox 1072 1585 4129 1686; baseline -0.002 -22"><span class='ocrx_word' id='word_1_75' title='bbox 1072 1607 1363 1664; x_wconf 85' lang='lat' dir='ltr'><strong>munera</strong></span> <span class='ocrx_word' id='word_1_76' title='bbox 1419 1587 1747 1662; x_wconf 90' lang='lat' dir='ltr'><strong>obeundo</strong></span> <span class='ocrx_word' id='word_1_77' title='bbox 1764 1644 1785 1675; x_wconf 94' lang='lat'><strong>,</strong></span> <span class='ocrx_word' id='word_1_78' title='bbox 1850 1587 2043 1684; x_wconf 88' lang='lat' dir='ltr'><strong>apud</strong></span> <span class='ocrx_word' id='word_1_79' title='bbox 2102 1586 2287 1661; x_wconf 84' lang='lat' dir='ltr'><strong>cives</strong></span> <span class='ocrx_word' id='word_1_80' title='bbox 2360 1611 2524 1661; x_wconf 91' lang='lat' dir='ltr'><strong>suos</strong></span> <span class='ocrx_word' id='word_1_81' title='bbox 2593 1588 2728 1661; x_wconf 89' lang='lat' dir='ltr'><strong>sibi</strong></span> <span class='ocrx_word' id='word_1_82' title='bbox 2803 1587 3083 1662; x_wconf 89' lang='lat' dir='ltr'><strong>laudem</strong></span> <span class='ocrx_word' id='word_1_83' title='bbox 3149 1595 3219 1661; x_wconf 88' lang='lat' dir='ltr'><strong>et</strong></span> <span class='ocrx_word' id='word_1_84' title='bbox 3287 1587 3582 1686; x_wconf 82' lang='lat' dir='ltr'><strong>gloriam</strong></span> <span class='ocrx_word' id='word_1_85' title='bbox 3651 1585 4090 1660; x_wconf 79' lang='lat' dir='ltr'><strong>conciliarent</strong></span> <span class='ocrx_word' id='word_1_86' title='bbox 4108 1642 4129 1673; x_wconf 93' lang='lat'><strong>,</strong></span> 
     </span>
     <span class='ocr_line' id='line_1_9' title="bbox 1063 1704 4132 1806; baseline -0.002 -22"><span class='ocrx_word' id='word_1_87' title='bbox 1063 1717 1143 1784; x_wconf 85' lang='lat' dir='ltr'><strong>et</strong></span> <span class='ocrx_word' id='word_1_88' title='bbox 1204 1733 1366 1784; x_wconf 88' lang='lat' dir='ltr'><strong>cum</strong></span> <span class='ocrx_word' id='word_1_89' title='bbox 1425 1707 1780 1806; x_wconf 85' lang='lat' dir='ltr'><strong>quaeritur</strong></span> <span class='ocrx_word' id='word_1_90' title='bbox 1834 1706 1995 1805; x_wconf 86' lang='lat' dir='ltr'><strong>quis</strong></span> <span class='ocrx_word' id='word_1_91' title='bbox 2056 1707 2253 1780; x_wconf 86' lang='lat' dir='ltr'><strong>Ictus</strong></span> <span class='ocrx_word' id='word_1_92' title='bbox 2302 1731 2456 1780; x_wconf 87' lang='lat' dir='ltr'><strong>vere</strong></span> <span class='ocrx_word' id='word_1_93' title='bbox 2509 1707 2941 1795; x_wconf 86' lang='lat' dir='ltr'><strong>nominetur,</strong></span> <span class='ocrx_word' id='word_1_94' title='bbox 2991 1723 3156 1782; x_wconf 82' lang='lat' dir='ltr'><strong>eum</strong></span> <span class='ocrx_word' id='word_1_95' title='bbox 3207 1705 3492 1795; x_wconf 86' lang='lat' dir='ltr'><strong>dicunt,</strong></span> <span class='ocrx_word' id='word_1_96' title='bbox 3549 1735 3586 1775; x_wconf 78' lang='lat' dir='ltr'><strong>et</strong></span> <span class='ocrx_word' id='word_1_97' title='bbox 3607 1706 3730 1804; x_wconf 93' lang='lat' dir='ltr'><strong>qui</strong></span> <span class='ocrx_word' id='word_1_98' title='bbox 3777 1704 4012 1804; x_wconf 83' lang='lat' dir='ltr'><strong>legum</strong></span> <span class='ocrx_word' id='word_1_99' title='bbox 4059 1711 4132 1777; x_wconf 86' lang='lat' dir='ltr'><strong>et</strong></span> 
     </span>
     <span class='ocr_line' id='line_1_10' title="bbox 1078 1823 4135 1924; baseline 0.001 -26"><span class='ocrx_word' id='word_1_100' title='bbox 1078 1859 1115 1899; x_wconf 75' lang='lat' dir='ltr'><strong>a</strong></span> <span class='ocrx_word' id='word_1_101' title='bbox 1138 1827 1661 1904; x_wconf 80' lang='lat' dir='ltr'><strong>consuetudinis</strong></span> <span class='ocrx_word' id='word_1_102' title='bbox 1722 1826 1873 1901; x_wconf 79' lang='lat' dir='ltr'><strong>eius</strong></span> <span class='ocrx_word' id='word_1_103' title='bbox 1934 1850 2077 1924; x_wconf 90' lang='lat' dir='ltr'><strong>qua</strong></span> <span class='ocrx_word' id='word_1_104' title='bbox 2122 1826 2376 1924; x_wconf 86' lang='lat' dir='ltr'><strong>privati</strong></span> <span class='ocrx_word' id='word_1_105' title='bbox 2419 1825 2494 1900; x_wconf 93' lang='lat' dir='ltr'><strong>in</strong></span> <span class='ocrx_word' id='word_1_106' title='bbox 2549 1825 2826 1901; x_wconf 87' lang='lat' dir='ltr'><strong>civitate</strong></span> <span class='ocrx_word' id='word_1_107' title='bbox 2877 1832 3210 1914; x_wconf 85' lang='lat' dir='ltr'><strong>utuntur,</strong></span> <span class='ocrx_word' id='word_1_108' title='bbox 3264 1827 3354 1900; x_wconf 88' lang='lat' dir='ltr'><strong>ad</strong></span> <span class='ocrx_word' id='word_1_109' title='bbox 3395 1825 3993 1924; x_wconf 83' lang='lat' dir='ltr'><strong>respondendum,</strong></span> <span class='ocrx_word' id='word_1_110' title='bbox 4039 1823 4135 1902; x_wconf 75' lang='lat' dir='ltr'><strong>‚ad</strong></span> 
     </span>
     <span class='ocr_line' id='line_1_11' title="bbox 1080 1944 4134 2048; baseline -0.001 -29"><span class='ocrx_word' id='word_1_111' title='bbox 1080 1979 1116 2019; x_wconf 79' lang='lat' dir='ltr'><em>u</em></span> <span class='ocrx_word' id='word_1_112' title='bbox 1138 1949 1489 2048; x_wconf 81' lang='lat' dir='ltr'><strong>agendum</strong></span> <span class='ocrx_word' id='word_1_113' title='bbox 1532 1954 1605 2021; x_wconf 87' lang='lat' dir='ltr'><strong>et</strong></span> <span class='ocrx_word' id='word_1_114' title='bbox 1650 1945 1741 2021; x_wconf 86' lang='lat' dir='ltr'><strong>ad</strong></span> <span class='ocrx_word' id='word_1_115' title='bbox 1790 1945 2179 2022; x_wconf 84' lang='lat' dir='ltr'><strong>cavendum</strong></span> <span class='ocrx_word' id='word_1_116' title='bbox 2224 1946 2317 2020; x_wconf 89' lang='lat' dir='ltr'><strong>sit</strong></span> <span class='ocrx_word' id='word_1_117' title='bbox 2358 1948 2717 2046; x_wconf 87' lang='lat' dir='ltr'><strong>paratus.”</strong></span> <span class='ocrx_word' id='word_1_118' title='bbox 2789 1946 3060 2021; x_wconf 86' lang='lat' dir='ltr'><strong>Mirum</strong></span> <span class='ocrx_word' id='word_1_119' title='bbox 3107 1947 3344 2046; x_wconf 87' lang='lat' dir='ltr'><strong>itaque</strong></span> <span class='ocrx_word' id='word_1_120' title='bbox 3387 1971 3530 2020; x_wconf 93' lang='lat' dir='ltr'><strong>non</strong></span> <span class='ocrx_word' id='word_1_121' title='bbox 3577 1954 3721 2034; x_wconf 86' lang='lat' dir='ltr'><strong>est,</strong></span> <span class='ocrx_word' id='word_1_122' title='bbox 3771 1969 3890 2019; x_wconf 88' lang='lat' dir='ltr'><strong>eos</strong></span> <span class='ocrx_word' id='word_1_123' title='bbox 3933 1944 4134 2042; x_wconf 83' lang='lat' dir='ltr'><strong>longe</strong></span> 
     </span>
     <span class='ocr_line' id='line_1_12' title="bbox 1072 2064 4134 2167; baseline -0.003 -23"><span class='ocrx_word' id='word_1_124' title='bbox 1072 2095 1154 2144; x_wconf 78' lang='lat' dir='ltr'><strong>ac</strong></span> <span class='ocrx_word' id='word_1_125' title='bbox 1208 2075 1541 2167; x_wconf 89' lang='lat' dir='ltr'><strong>perpetuo</strong></span> <span class='ocrx_word' id='word_1_126' title='bbox 1576 2089 1810 2141; x_wconf 87' lang='lat' dir='ltr'><strong>rerum</strong></span> <span class='ocrx_word' id='word_1_127' title='bbox 1866 2091 2003 2142; x_wconf 89' lang='lat' dir='ltr'><strong>usu</strong></span> <span class='ocrx_word' id='word_1_128' title='bbox 2052 2066 2462 2140; x_wconf 82' lang='lat' dir='ltr'><strong>exercitatos</strong></span> <span class='ocrx_word' id='word_1_129' title='bbox 2513 2076 2584 2140; x_wconf 90' lang='lat' dir='ltr'><strong>et</strong></span> <span class='ocrx_word' id='word_1_130' title='bbox 2631 2066 2723 2141; x_wconf 88' lang='lat' dir='ltr'><strong>ad</strong></span> <span class='ocrx_word' id='word_1_131' title='bbox 2767 2065 3147 2140; x_wconf 87' lang='lat' dir='ltr'><strong>forensium</strong></span> <span class='ocrx_word' id='word_1_132' title='bbox 3193 2090 3424 2140; x_wconf 90' lang='lat' dir='ltr'><strong>rerum</strong></span> <span class='ocrx_word' id='word_1_133' title='bbox 3475 2064 3950 2141; x_wconf 85' lang='lat' dir='ltr'><strong>tractationem</strong></span> <span class='ocrx_word' id='word_1_134' title='bbox 3993 2082 4134 2136; x_wconf 90' lang='lat' dir='ltr'><strong>non</strong></span> 
     </span>
     <span class='ocr_line' id='line_1_13' title="bbox 1072 2185 4132 2286; baseline -0.003 -22"><span class='ocrx_word' id='word_1_135' title='bbox 1072 2196 1223 2264; x_wconf 86' lang='lat' dir='ltr'><strong>tam</strong></span> <span class='ocrx_word' id='word_1_136' title='bbox 1280 2195 1484 2262; x_wconf 84' lang='lat' dir='ltr'><strong>natos</strong></span> <span class='ocrx_word' id='word_1_137' title='bbox 1546 2211 1759 2286; x_wconf 86' lang='lat' dir='ltr'><strong>quam</strong></span> <span class='ocrx_word' id='word_1_138' title='bbox 1824 2211 1868 2261; x_wconf 84' lang='lat' dir='ltr'><strong>a</strong></span> <span class='ocrx_word' id='word_1_139' title='bbox 1928 2186 2061 2260; x_wconf 90' lang='lat' dir='ltr'><strong>deo</strong></span> <span class='ocrx_word' id='word_1_140' title='bbox 2102 2187 2302 2261; x_wconf 89' lang='lat' dir='ltr'><strong>fictos</strong></span> <span class='ocrx_word' id='word_1_141' title='bbox 2323 2245 2343 2274; x_wconf 94' lang='lat'><strong>,</strong></span> <span class='ocrx_word' id='word_1_142' title='bbox 2393 2187 2469 2260; x_wconf 91' lang='lat' dir='ltr'><strong>in</strong></span> <span class='ocrx_word' id='word_1_143' title='bbox 2509 2211 2592 2260; x_wconf 88' lang='lat' dir='ltr'><strong>eo</strong></span> <span class='ocrx_word' id='word_1_144' title='bbox 2643 2187 2964 2286; x_wconf 86' lang='lat' dir='ltr'><strong>inprimis</strong></span> <span class='ocrx_word' id='word_1_145' title='bbox 3015 2185 3380 2275; x_wconf 83' lang='lat' dir='ltr'><strong>excellere,</strong></span> <span class='ocrx_word' id='word_1_146' title='bbox 3451 2193 3532 2260; x_wconf 93' lang='lat' dir='ltr'><strong>ut</strong></span> <span class='ocrx_word' id='word_1_147' title='bbox 3575 2209 3688 2258; x_wconf 88' lang='lat' dir='ltr'><strong>res</strong></span> <span class='ocrx_word' id='word_1_148' title='bbox 3735 2209 3912 2281; x_wconf 88' lang='lat' dir='ltr'><strong>quas</strong></span> <span class='ocrx_word' id='word_1_149' title='bbox 3957 2193 4132 2256; x_wconf 87' lang='lat' dir='ltr'><strong>trac-</strong></span> 
     </span>
     <span class='ocr_line' id='line_1_14' title="bbox 1074 2302 4133 2406; baseline -0.003 -21"><span class='ocrx_word' id='word_1_150' title='bbox 1074 2319 1221 2384; x_wconf 85' lang='lat' dir='ltr'><strong>tare</strong></span> <span class='ocrx_word' id='word_1_151' title='bbox 1262 2308 1399 2384; x_wconf 93' lang='lat' dir='ltr'><strong>sibi</strong></span> <span class='ocrx_word' id='word_1_152' title='bbox 1446 2308 1859 2382; x_wconf 86' lang='lat' dir='ltr'><strong>sumsissent</strong></span> <span class='ocrx_word' id='word_1_153' title='bbox 1904 2307 1994 2381; x_wconf 92' lang='lat' dir='ltr'><strong>ab</strong></span> <span class='ocrx_word' id='word_1_154' title='bbox 2042 2307 2237 2382; x_wconf 88' lang='lat' dir='ltr'><strong>omni</strong></span> <span class='ocrx_word' id='word_1_155' title='bbox 2280 2317 2478 2406; x_wconf 89' lang='lat' dir='ltr'><strong>parte</strong></span> <span class='ocrx_word' id='word_1_156' title='bbox 2525 2307 2854 2382; x_wconf 88' lang='lat' dir='ltr'><strong>vertendo</strong></span> <span class='ocrx_word' id='word_1_157' title='bbox 2873 2365 2892 2395; x_wconf 91' lang='lat'><strong>,</strong></span> <span class='ocrx_word' id='word_1_158' title='bbox 2955 2307 3288 2382; x_wconf 88' lang='lat' dir='ltr'><strong>volvendo</strong></span> <span class='ocrx_word' id='word_1_159' title='bbox 3337 2314 3408 2380; x_wconf 93' lang='lat' dir='ltr'><strong>et</strong></span> <span class='ocrx_word' id='word_1_160' title='bbox 3454 2305 3654 2404; x_wconf 87' lang='lat' dir='ltr'><strong>quasi</strong></span> <span class='ocrx_word' id='word_1_161' title='bbox 3705 2302 4092 2402; x_wconf 89' lang='lat' dir='ltr'><strong>subigendo</strong></span> <span class='ocrx_word' id='word_1_162' title='bbox 4111 2355 4133 2387; x_wconf 90' lang='lat'><strong>,</strong></span> 
     </span>
     <span class='ocr_line' id='line_1_15' title="bbox 1071 2423 4132 2527; baseline -0.003 -22"><span class='ocrx_word' id='word_1_163' title='bbox 1071 2431 1380 2505; x_wconf 85' lang='lat' dir='ltr'><strong>infinitas</strong></span> <span class='ocrx_word' id='word_1_164' title='bbox 1450 2428 1587 2502; x_wconf 88' lang='lat' dir='ltr'><strong>sibi</strong></span> <span class='ocrx_word' id='word_1_165' title='bbox 1646 2451 2011 2504; x_wconf 86' lang='lat' dir='ltr'><strong>causarum</strong></span> <span class='ocrx_word' id='word_1_166' title='bbox 2074 2427 2337 2527; x_wconf 86' lang='lat' dir='ltr'><strong>figuras</strong></span> <span class='ocrx_word' id='word_1_167' title='bbox 2403 2435 2476 2502; x_wconf 89' lang='lat' dir='ltr'><strong>et</strong></span> <span class='ocrx_word' id='word_1_168' title='bbox 2547 2427 3126 2502; x_wconf 87' lang='lat' dir='ltr'><strong>innumerabilem</strong></span> <span class='ocrx_word' id='word_1_169' title='bbox 3173 2425 3559 2524; x_wconf 87' lang='lat' dir='ltr'><strong>specierum</strong></span> <span class='ocrx_word' id='word_1_170' title='bbox 3609 2423 4132 2498; x_wconf 80' lang='lat' dir='ltr'><strong>multitudinem</strong></span> 
     </span>
     <span class='ocr_line' id='line_1_16' title="bbox 1072 2545 4206 2649; baseline -0.003 -25"><span class='ocrx_word' id='word_1_171' title='bbox 1072 2551 1336 2649; x_wconf 86' lang='lat' dir='ltr'><strong>fingere</strong></span> <span class='ocrx_word' id='word_1_172' title='bbox 1396 2547 1702 2637; x_wconf 82' lang='lat' dir='ltr'><strong>valeant,</strong></span> <span class='ocrx_word' id='word_1_173' title='bbox 1774 2555 1848 2622; x_wconf 91' lang='lat' dir='ltr'><strong>et</strong></span> <span class='ocrx_word' id='word_1_174' title='bbox 1912 2547 1987 2622; x_wconf 91' lang='lat' dir='ltr'><strong>in</strong></span> <span class='ocrx_word' id='word_1_175' title='bbox 2050 2547 2485 2624; x_wconf 87' lang='lat' dir='ltr'><strong>decernendo</strong></span> <span class='ocrx_word' id='word_1_176' title='bbox 2565 2548 2740 2648; x_wconf 91' lang='lat' dir='ltr'><strong>quid</strong></span> <span class='ocrx_word' id='word_1_177' title='bbox 2804 2548 3072 2622; x_wconf 87' lang='lat' dir='ltr'><strong>iustum</strong></span> <span class='ocrx_word' id='word_1_178' title='bbox 3123 2569 3504 2645; x_wconf 81' lang='lat' dir='ltr'><strong>verumque</strong></span> <span class='ocrx_word' id='word_1_179' title='bbox 3561 2545 3691 2632; x_wconf 86' lang='lat' dir='ltr'><strong>sit,</strong></span> <span class='ocrx_word' id='word_1_180' title='bbox 3747 2567 4136 2642; x_wconf 86' lang='lat' dir='ltr'><strong>numquam</strong></span> <span class='ocrx_word' id='word_1_181' title='bbox 4194 2635 4206 2646; x_wconf 27' lang='grc' dir='ltr'><strong><em>ι</em></strong></span> 
     </span>
    </p>
   </div>
   <div class='ocr_carea' id='block_1_3' title="bbox 4645 646 4652 2588">
    <p class='ocr_par' dir='ltr' id='par_1_3' title="bbox 4645 646 4652 2588">
     <span class='ocr_line' id='line_1_17' title="bbox 4645 646 4652 2588; baseline 0 0"><span class='ocrx_word' id='word_1_182' title='bbox 4645 646 4652 2588; x_wconf 95' lang='lat' dir='ltr'><strong> </strong></span> 
     </span>
    </p>
   </div>
   <div class='ocr_carea' id='block_1_4' title="bbox 1072 2664 4135 2765">
    <p class='ocr_par' dir='ltr' id='par_1_4' title="bbox 1072 2664 4299 2765">
     <span class='ocr_line' id='line_1_18' title="bbox 1072 2664 4135 2765; baseline -0.002 -21"><span class='ocrx_word' id='word_1_183' title='bbox 1072 2669 1215 2744; x_wconf 86' lang='lat' dir='ltr'><strong>fere</strong></span> <span class='ocrx_word' id='word_1_184' title='bbox 1284 2667 1649 2755; x_wconf 85' lang='lat' dir='ltr'><strong>labantur,</strong></span> <span class='ocrx_word' id='word_1_185' title='bbox 1726 2667 1849 2741; x_wconf 91' lang='lat' dir='ltr'><strong>sed</strong></span> <span class='ocrx_word' id='word_1_186' title='bbox 1914 2689 2057 2765; x_wconf 87' lang='lat' dir='ltr'><strong>qua</strong></span> <span class='ocrx_word' id='word_1_187' title='bbox 2117 2666 2191 2739; x_wconf 90' lang='lat' dir='ltr'><strong>in</strong></span> <span class='ocrx_word' id='word_1_188' title='bbox 2254 2691 2329 2742; x_wconf 89' lang='lat' dir='ltr'><strong>re</strong></span> <span class='ocrx_word' id='word_1_189' title='bbox 2377 2666 2754 2755; x_wconf 91' lang='lat' dir='ltr'><strong>deficiunt,</strong></span> <span class='ocrx_word' id='word_1_190' title='bbox 2807 2674 2916 2740; x_wconf 86' lang='lat' dir='ltr'><strong>est</strong></span> <span class='ocrx_word' id='word_1_191' title='bbox 2965 2690 3048 2740; x_wconf 89' lang='lat' dir='ltr'><strong>ea</strong></span> <span class='ocrx_word' id='word_1_192' title='bbox 3097 2689 3251 2754; x_wconf 85' lang='lat' dir='ltr'><strong>ars,</strong></span> <span class='ocrx_word' id='word_1_193' title='bbox 3311 2689 3451 2764; x_wconf 89' lang='lat' dir='ltr'><strong>qua</strong></span> <span class='ocrx_word' id='word_1_194' title='bbox 3495 2665 3769 2739; x_wconf 87' lang='lat' dir='ltr'><strong>infinita</strong></span> <span class='ocrx_word' id='word_1_195' title='bbox 3813 2664 3930 2738; x_wconf 86' lang='lat' dir='ltr'><strong>illa</strong></span> <span class='ocrx_word' id='word_1_196' title='bbox 3971 2687 4016 2736; x_wconf 87' lang='lat' dir='ltr'><strong>a</strong></span> <span class='ocrx_word' id='word_1_197' title='bbox 4063 2685 4135 2735; x_wconf 86' lang='lat' dir='ltr'><strong>se</strong></span> 
     </span>
    </p>
   </div>
   <div class='ocr_carea' id='block_1_5' title="bbox 998 2783 4140 4928">
    <p class='ocr_par' dir='ltr' id='par_1_5' title="bbox 1070 2783 4140 4058">
     <span class='ocr_line' id='line_1_19' title="bbox 1070 2783 4136 2885; baseline -0.003 -21"><span class='ocrx_word' id='word_1_198' title='bbox 1070 2788 1433 2864; x_wconf 80' lang='lat' dir='ltr'><strong>observata</strong></span> <span class='ocrx_word' id='word_1_199' title='bbox 1503 2795 1575 2861; x_wconf 90' lang='lat' dir='ltr'><strong>et</strong></span> <span class='ocrx_word' id='word_1_200' title='bbox 1640 2793 1881 2860; x_wconf 87' lang='lat' dir='ltr'><strong>notata</strong></span> <span class='ocrx_word' id='word_1_201' title='bbox 1897 2844 1920 2875; x_wconf 93' lang='lat'><strong>,</strong></span> <span class='ocrx_word' id='word_1_202' title='bbox 1986 2785 2405 2885; x_wconf 82' lang='lat' dir='ltr'><strong>cogitatione</strong></span> <span class='ocrx_word' id='word_1_203' title='bbox 2476 2811 2556 2862; x_wconf 88' lang='lat' dir='ltr'><strong>ac</strong></span> <span class='ocrx_word' id='word_1_204' title='bbox 2634 2792 2870 2860; x_wconf 87' lang='lat' dir='ltr'><strong>mente</strong></span> <span class='ocrx_word' id='word_1_205' title='bbox 2939 2786 3438 2883; x_wconf 86' lang='lat' dir='ltr'><strong>comprehensa</strong></span> <span class='ocrx_word' id='word_1_206' title='bbox 3509 2783 3710 2884; x_wconf 86' lang='lat' dir='ltr'><strong>quasi</strong></span> <span class='ocrx_word' id='word_1_207' title='bbox 3769 2784 3843 2857; x_wconf 93' lang='lat' dir='ltr'><strong>in</strong></span> <span class='ocrx_word' id='word_1_208' title='bbox 3917 2805 4136 2856; x_wconf 87' lang='lat' dir='ltr'><strong>unum</strong></span> 
     </span>
     <span class='ocr_line' id='line_1_20' title="bbox 1074 2903 4136 3006; baseline -0.003 -24"><span class='ocrx_word' id='word_1_209' title='bbox 1074 2916 1450 3006; x_wconf 83' lang='lat' dir='ltr'><strong>cogantur,</strong></span> <span class='ocrx_word' id='word_1_210' title='bbox 1516 2931 1653 2982; x_wconf 89' lang='lat' dir='ltr'><strong>res·</strong></span> <span class='ocrx_word' id='word_1_211' title='bbox 1690 2907 1918 2982; x_wconf 90' lang='lat' dir='ltr'><strong>verbis</strong></span> <span class='ocrx_word' id='word_1_212' title='bbox 1978 2907 2109 2980; x_wconf 90' lang='lat' dir='ltr'><strong>rite</strong></span> <span class='ocrx_word' id='word_1_213' title='bbox 2159 2906 2660 3006; x_wconf 87' lang='lat' dir='ltr'><strong>designentur,</strong></span> <span class='ocrx_word' id='word_1_214' title='bbox 2711 2907 2996 3005; x_wconf 87' lang='lat' dir='ltr'><strong>quaevis</strong></span> <span class='ocrx_word' id='word_1_215' title='bbox 3051 2906 3141 2980; x_wconf 89' lang='lat' dir='ltr'><strong>ad</strong></span> <span class='ocrx_word' id='word_1_216' title='bbox 3194 2929 3324 2979; x_wconf 48' lang='lat' dir='ltr'><strong>&gt;sua</strong></span> <span class='ocrx_word' id='word_1_217' title='bbox 3371 2928 3626 3003; x_wconf 85' lang='lat' dir='ltr'><strong>genera</strong></span> <span class='ocrx_word' id='word_1_218' title='bbox 3675 2903 4136 2989; x_wconf 87' lang='lat' dir='ltr'><strong>deducantur,</strong></span> 
     </span>
     <span class='ocr_line' id='line_1_21' title="bbox 1074 3019 4138 3128; baseline -0.002 -28"><span class='ocrx_word' id='word_1_219' title='bbox 1074 3026 1390 3128; x_wconf 88' lang='lat' dir='ltr'><strong>partibus</strong></span> <span class='ocrx_word' id='word_1_220' title='bbox 1438 3026 1583 3099; x_wconf 81' lang='lat' dir='ltr'><strong>-rite</strong></span> <span class='ocrx_word' id='word_1_221' title='bbox 1644 3023 2150 3099; x_wconf 83' lang='lat' dir='ltr'><strong>describantur.</strong></span> <span class='ocrx_word' id='word_1_222' title='bbox 2250 3026 2460 3099; x_wconf 90' lang='lat' dir='ltr'><strong>Unde</strong></span> <span class='ocrx_word' id='word_1_223' title='bbox 2513 3027 2892 3102; x_wconf 89' lang='lat' dir='ltr'><strong>multorum</strong></span> <span class='ocrx_word' id='word_1_224' title='bbox 2941 3026 3464 3115; x_wconf 87' lang='lat' dir='ltr'><strong>institutorum,</strong></span> <span class='ocrx_word' id='word_1_225' title='bbox 3515 3050 3694 3124; x_wconf 87' lang='lat' dir='ltr'><strong>quae</strong></span> <span class='ocrx_word' id='word_1_226' title='bbox 3739 3023 3828 3099; x_wconf 91' lang='lat' dir='ltr'><strong>ab</strong></span> <span class='ocrx_word' id='word_1_227' title='bbox 3879 3021 4014 3097; x_wconf 90' lang='lat' dir='ltr'><strong>illis</strong></span> <span class='ocrx_word' id='word_1_228' title='bbox 4065 3019 4138 3095; x_wconf 93' lang='lat' dir='ltr'><strong>in</strong></span> 
     </span>
     <span class='ocr_line' id='line_1_22' title="bbox 1074 3142 4138 3245; baseline -0.001 -26"><span class='ocrx_word' id='word_1_229' title='bbox 1074 3168 1239 3219; x_wconf 89' lang='lat' dir='ltr'><strong>eum</strong></span> <span class='ocrx_word' id='word_1_230' title='bbox 1302 3143 1592 3217; x_wconf 90' lang='lat' dir='ltr'><strong>modum</strong></span> <span class='ocrx_word' id='word_1_231' title='bbox 1657 3142 1944 3219; x_wconf 85' lang='lat' dir='ltr'><strong>fuerunt</strong></span> <span class='ocrx_word' id='word_1_232' title='bbox 2002 3144 2277 3221; x_wconf 83' lang='lat' dir='ltr'><strong>exculta</strong></span> <span class='ocrx_word' id='word_1_233' title='bbox 2296 3200 2315 3233; x_wconf 88' lang='lat'><strong>,</strong></span> <span class='ocrx_word' id='word_1_234' title='bbox 2370 3152 2450 3219; x_wconf 90' lang='lat' dir='ltr'><strong>ut</strong></span> <span class='ocrx_word' id='word_1_235' title='bbox 2502 3146 2626 3244; x_wconf 91' lang='lat' dir='ltr'><strong>qui</strong></span> <span class='ocrx_word' id='word_1_236' title='bbox 2679 3146 3131 3235; x_wconf 87' lang='lat' dir='ltr'><strong>innovarunt,</strong></span> <span class='ocrx_word' id='word_1_237' title='bbox 3182 3146 3594 3245; x_wconf 86' lang='lat' dir='ltr'><strong>depravasse</strong></span> <span class='ocrx_word' id='word_1_238' title='bbox 3647 3144 3878 3243; x_wconf 89' lang='lat' dir='ltr'><strong>potius</strong></span> <span class='ocrx_word' id='word_1_239' title='bbox 3925 3164 4138 3241; x_wconf 83' lang='lat' dir='ltr'><strong>quam</strong></span> 
     </span>
     <span class='ocr_line' id='line_1_23' title="bbox 1074 3261 4134 3364; baseline -0.002 -25"><span class='ocrx_word' id='word_1_240' title='bbox 1074 3264 1449 3339; x_wconf 88' lang='lat' dir='ltr'><strong>correxisse</strong></span> <span class='ocrx_word' id='word_1_241' title='bbox 1505 3272 1917 3338; x_wconf 84' lang='lat' dir='ltr'><strong>censeantur</strong></span> <span class='ocrx_word' id='word_1_242' title='bbox 1937 3321 1960 3352; x_wconf 92' lang='lat'><strong>,</strong></span> <span class='ocrx_word' id='word_1_243' title='bbox 2020 3262 2277 3339; x_wconf 79' lang='lat' dir='ltr'><strong>frustm</strong></span> <span class='ocrx_word' id='word_1_244' title='bbox 2331 3290 2622 3364; x_wconf 88' lang='lat' dir='ltr'><strong>quaeras</strong></span> <span class='ocrx_word' id='word_1_245' title='bbox 2666 3266 2946 3341; x_wconf 87' lang='lat' dir='ltr'><strong>brevem</strong></span> <span class='ocrx_word' id='word_1_246' title='bbox 2989 3274 3062 3340; x_wconf 94' lang='lat' dir='ltr'><strong>et</strong></span> <span class='ocrx_word' id='word_1_247' title='bbox 3109 3264 3700 3363; x_wconf 85' lang='lat' dir='ltr'><strong>circumscriptam</strong></span> <span class='ocrx_word' id='word_1_248' title='bbox 3743 3261 4134 3361; x_wconf 81' lang='lat' dir='ltr'><strong>explicatio-</strong></span> 
     </span>
     <span class='ocr_line' id='line_1_24' title="bbox 1074 3380 4138 3487; baseline -0.001 -28"><span class='ocrx_word' id='word_1_249' title='bbox 1074 3410 1236 3460; x_wconf 91' lang='lat' dir='ltr'><strong>nem</strong></span> <span class='ocrx_word' id='word_1_250' title='bbox 1280 3410 1407 3461; x_wconf 91' lang='lat' dir='ltr'><strong>seu</strong></span> <span class='ocrx_word' id='word_1_251' title='bbox 1450 3383 1964 3472; x_wconf 86' lang='lat' dir='ltr'><strong>definitionem,</strong></span> <span class='ocrx_word' id='word_1_252' title='bbox 2016 3393 2089 3459; x_wconf 93' lang='lat' dir='ltr'><strong>et</strong></span> <span class='ocrx_word' id='word_1_253' title='bbox 2134 3386 2196 3459; x_wconf 92' lang='lat' dir='ltr'><strong>si</strong></span> <span class='ocrx_word' id='word_1_254' title='bbox 2237 3410 2420 3485; x_wconf 90' lang='lat' dir='ltr'><strong>quae</strong></span> <span class='ocrx_word' id='word_1_255' title='bbox 2461 3396 2774 3463; x_wconf 88' lang='lat' dir='ltr'><strong>occurrat</strong></span> <span class='ocrx_word' id='word_1_256' title='bbox 2792 3446 2813 3475; x_wconf 87' lang='lat'><strong>,</strong></span> <span class='ocrx_word' id='word_1_257' title='bbox 2865 3410 3068 3487; x_wconf 87' lang='lat' dir='ltr'><strong>saepe</strong></span> <span class='ocrx_word' id='word_1_258' title='bbox 3119 3394 3228 3461; x_wconf 89' lang='lat' dir='ltr'><strong>est</strong></span> <span class='ocrx_word' id='word_1_259' title='bbox 3271 3385 3570 3460; x_wconf 86' lang='lat' dir='ltr'><strong>subnixa</strong></span> <span class='ocrx_word' id='word_1_260' title='bbox 3617 3382 3906 3457; x_wconf 87' lang='lat' dir='ltr'><strong>ridicula</strong></span> <span class='ocrx_word' id='word_1_261' title='bbox 3959 3380 4138 3455; x_wconf 81' lang='lat' dir='ltr'><strong>vocis</strong></span> 
     </span>
     <span class='ocr_line' id='line_1_25' title="bbox 1080 3503 4140 3606; baseline -0.002 -27"><span class='ocrx_word' id='word_1_262' title='bbox 1080 3505 1407 3604; x_wconf 78' lang='lat' dir='ltr'><strong>definitae</strong></span> <span class='ocrx_word' id='word_1_263' title='bbox 1450 3503 1901 3602; x_wconf 81' lang='lat' dir='ltr'><strong>etymologia,</strong></span> <span class='ocrx_word' id='word_1_264' title='bbox 1970 3504 2081 3578; x_wconf 83' lang='lat' dir='ltr'><strong>vel</strong></span> <span class='ocrx_word' id='word_1_265' title='bbox 2122 3513 2306 3580; x_wconf 90' lang='lat' dir='ltr'><strong>certe</strong></span> <span class='ocrx_word' id='word_1_266' title='bbox 2349 3505 2509 3581; x_wconf 89' lang='lat' dir='ltr'><strong>talis</strong></span> <span class='ocrx_word' id='word_1_267' title='bbox 2563 3516 2646 3581; x_wconf 92' lang='lat' dir='ltr'><strong>ut</strong></span> <span class='ocrx_word' id='word_1_268' title='bbox 2693 3506 2891 3581; x_wconf 82' lang='lat' dir='ltr'><strong>facile</strong></span> <span class='ocrx_word' id='word_1_269' title='bbox 2943 3506 3157 3581; x_wconf 84' lang='lat' dir='ltr'><strong>everti</strong></span> <span class='ocrx_word' id='word_1_270' title='bbox 3203 3506 3456 3606; x_wconf 86' lang='lat' dir='ltr'><strong>possit:</strong></span> <span class='ocrx_word' id='word_1_271' title='bbox 3511 3503 3634 3579; x_wconf 90' lang='lat' dir='ltr'><strong>ubi</strong></span> <span class='ocrx_word' id='word_1_272' title='bbox 3675 3526 3930 3602; x_wconf 87' lang='lat' dir='ltr'><strong>genera</strong></span> <span class='ocrx_word' id='word_1_273' title='bbox 3975 3508 4140 3575; x_wconf 87' lang='lat' dir='ltr'><strong>sunt</strong></span> 
     </span>
     <span class='ocr_line' id='line_1_26' title="bbox 1075 3622 4135 3725; baseline -0.003 -24"><span class='ocrx_word' id='word_1_274' title='bbox 1075 3625 1416 3713; x_wconf 89' lang='lat' dir='ltr'><strong>notanda,</strong></span> <span class='ocrx_word' id='word_1_275' title='bbox 1482 3623 1886 3723; x_wconf 87' lang='lat' dir='ltr'><strong>partitiones</strong></span> <span class='ocrx_word' id='word_1_276' title='bbox 1946 3648 2153 3723; x_wconf 88' lang='lat' dir='ltr'><strong>saepa</strong></span> <span class='ocrx_word' id='word_1_277' title='bbox 2206 3625 2305 3701; x_wconf 89' lang='lat' dir='ltr'><strong>ita</strong></span> <span class='ocrx_word' id='word_1_278' title='bbox 2347 3650 2706 3725; x_wconf 86' lang='lat' dir='ltr'><strong>perversae</strong></span> <span class='ocrx_word' id='word_1_279' title='bbox 2727 3685 2748 3715; x_wconf 89' lang='lat'><strong>,</strong></span> <span class='ocrx_word' id='word_1_280' title='bbox 2801 3635 2881 3702; x_wconf 90' lang='lat' dir='ltr'><strong>ut</strong></span> <span class='ocrx_word' id='word_1_281' title='bbox 2923 3626 2996 3699; x_wconf 92' lang='lat' dir='ltr'><strong>in</strong></span> <span class='ocrx_word' id='word_1_282' title='bbox 3039 3650 3189 3700; x_wconf 88' lang='lat' dir='ltr'><strong>rem</strong></span> <span class='ocrx_word' id='word_1_283' title='bbox 3241 3625 3524 3699; x_wconf 89' lang='lat' dir='ltr'><strong>omnino</strong></span> <span class='ocrx_word' id='word_1_284' title='bbox 3569 3649 3709 3697; x_wconf 90' lang='lat' dir='ltr'><strong>non</strong></span> <span class='ocrx_word' id='word_1_285' title='bbox 3756 3622 4135 3722; x_wconf 89' lang='lat' dir='ltr'><strong>quadrent,</strong></span> 
     </span>
     <span class='ocr_line' id='line_1_27' title="bbox 1079 3742 4138 3845; baseline -0.002 -26"><span class='ocrx_word' id='word_1_286' title='bbox 1079 3745 1250 3845; x_wconf 92' lang='lat' dir='ltr'><strong>quin</strong></span> <span class='ocrx_word' id='word_1_287' title='bbox 1307 3743 1607 3818; x_wconf 87' lang='lat' dir='ltr'><strong>rationes</strong></span> <span class='ocrx_word' id='word_1_288' title='bbox 1668 3768 1848 3841; x_wconf 86' lang='lat' dir='ltr'><strong>quae</strong></span> <span class='ocrx_word' id='word_1_289' title='bbox 1898 3744 2153 3819; x_wconf 87' lang='lat' dir='ltr'><strong>dantur</strong></span> <span class='ocrx_word' id='word_1_290' title='bbox 2196 3745 2297 3819; x_wconf 89' lang='lat' dir='ltr'><strong>ita</strong></span> <span class='ocrx_word' id='word_1_291' title='bbox 2344 3745 2722 3845; x_wconf 89' lang='lat' dir='ltr'><strong>aliquando</strong></span> <span class='ocrx_word' id='word_1_292' title='bbox 2771 3753 3132 3845; x_wconf 87' lang='lat' dir='ltr'><strong>suspectae</strong></span> <span class='ocrx_word' id='word_1_293' title='bbox 3152 3804 3176 3835; x_wconf 92' lang='lat'><strong>,</strong></span> <span class='ocrx_word' id='word_1_294' title='bbox 3225 3753 3309 3819; x_wconf 91' lang='lat' dir='ltr'><strong>ut</strong></span> <span class='ocrx_word' id='word_1_295' title='bbox 3357 3743 3734 3819; x_wconf 85' lang='lat' dir='ltr'><strong>divinando</strong></span> <span class='ocrx_word' id='word_1_296' title='bbox 3783 3742 4018 3841; x_wconf 88' lang='lat' dir='ltr'><strong>potius</strong></span> <span class='ocrx_word' id='word_1_297' title='bbox 4065 3747 4138 3813; x_wconf 91' lang='lat' dir='ltr'><strong>et</strong></span> 
     </span>
     <span class='ocr_line' id='line_1_28' title="bbox 1076 3861 4138 3965; baseline -0.001 -26"><span class='ocrx_word' id='word_1_298' title='bbox 1076 3864 1261 3939; x_wconf 82' lang='lat' dir='ltr'><strong>felici</strong></span> <span class='ocrx_word' id='word_1_299' title='bbox 1312 3873 1395 3937; x_wconf 88' lang='lat' dir='ltr'><strong>ut</strong></span> <span class='ocrx_word' id='word_1_300' title='bbox 1433 3864 1533 3938; x_wconf 86' lang='lat' dir='ltr'><strong>ita</strong></span> <span class='ocrx_word' id='word_1_301' title='bbox 1575 3863 1801 3938; x_wconf 88' lang='lat' dir='ltr'><strong>dicam</strong></span> <span class='ocrx_word' id='word_1_302' title='bbox 1848 3863 2219 3939; x_wconf 87' lang='lat' dir='ltr'><strong>intuitione</strong></span> <span class='ocrx_word' id='word_1_303' title='bbox 2239 3923 2260 3953; x_wconf 91' lang='lat'>‚</span> <span class='ocrx_word' id='word_1_304' title='bbox 2312 3890 2527 3965; x_wconf 88' lang='lat' dir='ltr'><strong>quam</strong></span> <span class='ocrx_word' id='word_1_305' title='bbox 2573 3867 2758 3942; x_wconf 88' lang='lat' dir='ltr'><strong>iusta</strong></span> <span class='ocrx_word' id='word_1_306' title='bbox 2798 3866 3316 3942; x_wconf 88' lang='lat' dir='ltr'><strong>ratiocinatione</strong></span> <span class='ocrx_word' id='word_1_307' title='bbox 3359 3886 3600 3939; x_wconf 86' lang='lat' dir='ltr'><strong>verum</strong></span> <span class='ocrx_word' id='word_1_308' title='bbox 3644 3861 3948 3937; x_wconf 85' lang='lat' dir='ltr'><strong>assecuti</strong></span> <span class='ocrx_word' id='word_1_309' title='bbox 3986 3884 4138 3936; x_wconf 86' lang='lat' dir='ltr'><strong>esse</strong></span> 
     </span>
     <span class='ocr_line' id='line_1_29' title="bbox 1080 3984 1465 4058; baseline 0 0"><span class='ocrx_word' id='word_1_310' title='bbox 1080 3984 1465 4058; x_wconf 86' lang='lat' dir='ltr'><strong>videantur.</strong></span> 
     </span>
    </p>

    <p class='ocr_par' dir='ltr' id='par_1_6' title="bbox 1080 4100 4138 4446">
     <span class='ocr_line' id='line_1_30' title="bbox 1178 4100 4138 4206; baseline -0.003 -24"><span class='ocrx_word' id='word_1_311' title='bbox 1178 4102 1395 4182; x_wconf 86' lang='lat' dir='ltr'><strong>Quod</strong></span> <span class='ocrx_word' id='word_1_312' title='bbox 1434 4103 1496 4177; x_wconf 90' lang='lat' dir='ltr'><strong>si</strong></span> <span class='ocrx_word' id='word_1_313' title='bbox 1540 4128 1743 4201; x_wconf 90' lang='lat' dir='ltr'><strong>porro</strong></span> <span class='ocrx_word' id='word_1_314' title='bbox 1787 4105 2233 4181; x_wconf 86' lang='lat' dir='ltr'><strong>attendamus</strong></span> <span class='ocrx_word' id='word_1_315' title='bbox 2277 4106 2370 4181; x_wconf 88' lang='lat' dir='ltr'><strong>ad</strong></span> <span class='ocrx_word' id='word_1_316' title='bbox 2421 4107 2932 4182; x_wconf 87' lang='lat' dir='ltr'><strong>Pandectarum</strong></span> <span class='ocrx_word' id='word_1_317' title='bbox 2982 4106 3242 4206; x_wconf 90' lang='lat' dir='ltr'><strong>quibus</strong></span> <span class='ocrx_word' id='word_1_318' title='bbox 3289 4106 3592 4181; x_wconf 85' lang='lat' dir='ltr'><strong>maxima</strong></span> <span class='ocrx_word' id='word_1_319' title='bbox 3643 4130 3722 4179; x_wconf 89' lang='lat' dir='ltr'><strong>ac</strong></span> <span class='ocrx_word' id='word_1_320' title='bbox 3771 4100 4138 4201; x_wconf 82' lang='lat' dir='ltr'><strong>praecipua</strong></span> 
     </span>
     <span class='ocr_line' id='line_1_31' title="bbox 1080 4222 4135 4326; baseline -0.002 -28"><span class='ocrx_word' id='word_1_321' title='bbox 1080 4231 1351 4298; x_wconf 88' lang='lat' dir='ltr'><strong>constat</strong></span> <span class='ocrx_word' id='word_1_322' title='bbox 1410 4222 1584 4297; x_wconf 87' lang='lat' dir='ltr'><strong>iuris</strong></span> <span class='ocrx_word' id='word_1_323' title='bbox 1640 4223 1942 4299; x_wconf 87' lang='lat' dir='ltr'><strong>Romani</strong></span> <span class='ocrx_word' id='word_1_324' title='bbox 2004 4249 2165 4322; x_wconf 87' lang='lat' dir='ltr'><strong>pars</strong></span> <span class='ocrx_word' id='word_1_325' title='bbox 2183 4283 2204 4313; x_wconf 91' lang='lat'><strong>,</strong></span> <span class='ocrx_word' id='word_1_326' title='bbox 2272 4225 2796 4325; x_wconf 89' lang='lat' dir='ltr'><strong>dispositionem</strong></span> <span class='ocrx_word' id='word_1_327' title='bbox 2813 4285 2833 4316; x_wconf 99' lang='lat'><strong>,</strong></span> <span class='ocrx_word' id='word_1_328' title='bbox 2903 4227 3106 4326; x_wconf 88' lang='lat' dir='ltr'><strong>quale</strong></span> <span class='ocrx_word' id='word_1_329' title='bbox 3163 4227 3254 4301; x_wconf 91' lang='lat' dir='ltr'><strong>de</strong></span> <span class='ocrx_word' id='word_1_330' title='bbox 3296 4226 3384 4300; x_wconf 86' lang='lat' dir='ltr'><strong>iis</strong></span> <span class='ocrx_word' id='word_1_331' title='bbox 3437 4226 3527 4299; x_wconf 87' lang='lat' dir='ltr'><strong>ab</strong></span> <span class='ocrx_word' id='word_1_332' title='bbox 3575 4222 3843 4297; x_wconf 89' lang='lat' dir='ltr'><strong>idoneis</strong></span> <span class='ocrx_word' id='word_1_333' title='bbox 3891 4222 4135 4295; x_wconf 86' lang='lat' dir='ltr'><strong>harum</strong></span> 
     </span>
     <span class='ocr_line' id='line_1_32' title="bbox 1082 4342 4136 4446; baseline -0.002 -27"><span class='ocrx_word' id='word_1_334' title='bbox 1082 4366 1316 4419; x_wconf 88' lang='lat' dir='ltr'><strong>rerum</strong></span> <span class='ocrx_word' id='word_1_335' title='bbox 1364 4342 1715 4419; x_wconf 90' lang='lat' dir='ltr'><strong>iudicibus</strong></span> <span class='ocrx_word' id='word_1_336' title='bbox 1757 4344 1977 4419; x_wconf 83' lang='lat' dir='ltr'><strong>fertur</strong></span> <span class='ocrx_word' id='word_1_337' title='bbox 2016 4343 2408 4419; x_wconf 77' lang='lat' dir='ltr'><strong>iudicium?</strong></span> <span class='ocrx_word' id='word_1_338' title='bbox 2459 4346 2734 4445; x_wconf 83' lang='lat' dir='ltr'><strong>singula</strong></span> <span class='ocrx_word' id='word_1_339' title='bbox 2772 4371 2952 4445; x_wconf 88' lang='lat' dir='ltr'><strong>quae</strong></span> <span class='ocrx_word' id='word_1_340' title='bbox 2993 4354 3378 4423; x_wconf 86' lang='lat' dir='ltr'><strong>tractantur</strong></span> <span class='ocrx_word' id='word_1_341' title='bbox 3420 4345 3767 4446; x_wconf 85' lang='lat' dir='ltr'><strong>praeclara</strong></span> <span class='ocrx_word' id='word_1_342' title='bbox 3807 4350 3880 4417; x_wconf 91' lang='lat' dir='ltr'><strong>et</strong></span> <span class='ocrx_word' id='word_1_343' title='bbox 3918 4362 4136 4439; x_wconf 85' lang='lat' dir='ltr'><strong>quan·</strong></span> 
     </span>
    </p>

    <p class='ocr_par' dir='ltr' id='par_1_7' title="bbox 998 4459 4140 4928">
     <span class='ocr_line' id='line_1_33' title="bbox 998 4459 4139 4564; baseline -0.002 -27"><span class='ocrx_word' id='word_1_344' title='bbox 998 4506 1003 4513; x_wconf 94' lang='lat'><em>-</em></span> <span class='ocrx_word' id='word_1_345' title='bbox 1080 4464 1243 4539; x_wconf 84' lang='lat' dir='ltr'><strong>tivis</strong></span> <span class='ocrx_word' id='word_1_346' title='bbox 1298 4464 1504 4564; x_wconf 90' lang='lat' dir='ltr'><strong>pretii</strong></span> <span class='ocrx_word' id='word_1_347' title='bbox 1522 4522 1543 4553; x_wconf 91' lang='lat'><strong>,</strong></span> <span class='ocrx_word' id='word_1_348' title='bbox 1612 4463 1841 4562; x_wconf 84' lang='lat' dir='ltr'><strong>operis</strong></span> <span class='ocrx_word' id='word_1_349' title='bbox 1896 4463 2111 4537; x_wconf 88' lang='lat' dir='ltr'><strong>totius</strong></span> <span class='ocrx_word' id='word_1_350' title='bbox 2164 4464 2690 4563; x_wconf 86' lang='lat' dir='ltr'><strong>dispositionem</strong></span> <span class='ocrx_word' id='word_1_351' title='bbox 2743 4467 3078 4542; x_wconf 89' lang='lat' dir='ltr'><strong>incultam</strong></span> <span class='ocrx_word' id='word_1_352' title='bbox 3135 4474 3206 4541; x_wconf 89' lang='lat' dir='ltr'><strong>et</strong></span> <span class='ocrx_word' id='word_1_353' title='bbox 3257 4467 3398 4542; x_wconf 83' lang='lat' dir='ltr'><strong>fere</strong></span> <span class='ocrx_word' id='word_1_354' title='bbox 3451 4464 3838 4539; x_wconf 86' lang='lat' dir='ltr'><strong>barbaram.</strong></span> <span class='ocrx_word' id='word_1_355' title='bbox 3941 4459 4139 4534; x_wconf 76' lang='lat' dir='ltr'><strong>&#39;ritu-</strong></span> 
     </span>
     <span class='ocr_line' id='line_1_34' title="bbox 1081 4698 4138 4795; baseline -0.002 -17"><span class='ocrx_word' id='word_1_356' title='bbox 1081 4728 1242 4779; x_wconf 91' lang='lat' dir='ltr'><strong>nem</strong></span> <span class='ocrx_word' id='word_1_357' title='bbox 1259 4763 1280 4792; x_wconf 91' lang='lat'>‚</span> <span class='ocrx_word' id='word_1_358' title='bbox 1360 4730 1527 4779; x_wconf 91' lang='lat' dir='ltr'><strong>usus</strong></span> <span class='ocrx_word' id='word_1_359' title='bbox 1590 4704 1881 4779; x_wconf 86' lang='lat' dir='ltr'><strong>forensis</strong></span> <span class='ocrx_word' id='word_1_360' title='bbox 1950 4705 2060 4780; x_wconf 88' lang='lat' dir='ltr'><strong>vel</strong></span> <span class='ocrx_word' id='word_1_361' title='bbox 2124 4705 2409 4780; x_wconf 86' lang='lat' dir='ltr'><strong>cuiusve</strong></span> <span class='ocrx_word' id='word_1_362' title='bbox 2465 4706 2644 4781; x_wconf 86' lang='lat' dir='ltr'><strong>alius</strong></span> <span class='ocrx_word' id='word_1_363' title='bbox 2705 4706 2844 4795; x_wconf 91' lang='lat' dir='ltr'><strong>rei,</strong></span> <span class='ocrx_word' id='word_1_364' title='bbox 2890 4708 3084 4781; x_wconf 88' lang='lat' dir='ltr'><strong>nulla</strong></span> <span class='ocrx_word' id='word_1_365' title='bbox 3131 4714 3316 4783; x_wconf 89' lang='lat' dir='ltr'><strong>certe</strong></span> <span class='ocrx_word' id='word_1_366' title='bbox 3367 4704 3693 4780; x_wconf 88' lang='lat' dir='ltr'><strong>materiae</strong></span> <span class='ocrx_word' id='word_1_367' title='bbox 3719 4698 4138 4777; x_wconf 63' lang='lat' dir='ltr'><strong>‘tractandae</strong></span> 
     </span>
     <span class='ocr_line' id='line_1_35' title="bbox 1082 4816 4140 4928; baseline -0.002 -31"><span class='ocrx_word' id='word_1_368' title='bbox 1082 4825 1329 4899; x_wconf 90' lang='lat' dir='ltr'><strong>idonee</strong></span> <span class='ocrx_word' id='word_1_369' title='bbox 1374 4826 1611 4901; x_wconf 88' lang='lat' dir='ltr'><strong>habita</strong></span> <span class='ocrx_word' id='word_1_370' title='bbox 1654 4836 1764 4902; x_wconf 89' lang='lat' dir='ltr'><strong>est</strong></span> <span class='ocrx_word' id='word_1_371' title='bbox 1810 4827 2029 4915; x_wconf 72' lang='lat' dir='ltr'><strong>ratio,</strong></span> <span class='ocrx_word' id='word_1_372' title='bbox 2080 4826 2469 4927; x_wconf 85' lang='lat' dir='ltr'><strong>fragmenta</strong></span> <span class='ocrx_word' id='word_1_373' title='bbox 2519 4835 2752 4903; x_wconf 87' lang='lat' dir='ltr'><strong>autem</strong></span> <span class='ocrx_word' id='word_1_374' title='bbox 2797 4826 2870 4902; x_wconf 91' lang='lat' dir='ltr'><strong>in</strong></span> <span class='ocrx_word' id='word_1_375' title='bbox 2903 4827 3206 4928; x_wconf 79' lang='lat' dir='ltr'><strong>‘singulis</strong></span> <span class='ocrx_word' id='word_1_376' title='bbox 3243 4824 3466 4901; x_wconf 90' lang='lat' dir='ltr'><strong>titulis</strong></span> <span class='ocrx_word' id='word_1_377' title='bbox 3509 4825 3610 4899; x_wconf 88' lang='lat' dir='ltr'><strong>ita</strong></span> <span class='ocrx_word' id='word_1_378' title='bbox 3658 4822 3986 4898; x_wconf 85' lang='lat' dir='ltr'><strong>collocata</strong></span> <span class='ocrx_word' id='word_1_379' title='bbox 4030 4816 4140 4892; x_wconf 86' lang='lat' dir='ltr'><strong>vel</strong></span> 
     </span>
    </p>
   </div>
  </div>
 </body>
</html>
