4730 6049
1082 657 1215 726 332
2207 655 2282 720 B.
2354 655 2410 724 1.
2482 655 3014 724 GRATAMA

1087 873 1212 941 aut
1264 866 1553 939 mutatis
1594 865 1861 964 regitur
1903 865 2181 964 legibus
2217 872 2289 939 et
2326 865 2626 964 regulis,
2679 890 2724 940 a
2761 863 2968 938 nobis
3007 863 3486 938 Romanorum
3525 863 3738 940 modo
3775 872 3850 939 et
3885 863 4154 940 ratione

1084 987 1249 1062 inde
1310 985 1703 1073 eliciendis,
1769 987 1841 1058 in
1906 986 2215 1059 ordinem
2279 986 2727 1085 redigendis,
2777 987 2850 1059 in
2889 985 3062 1057 iuris
3113 984 3432 1060 notiones
3481 991 3556 1059 et
3595 984 3922 1061 instituta
3965 983 4153 1060 colli·

1085 1106 1354 1206 gendis.
1456 1105 1607 1179 Iam
1680 1105 1989 1204 undique
2060 1106 2492 1179 concurritur
2553 1105 2682 1179 hac
2739 1105 2942 1203 quasi
2995 1113 3288 1179 tessera:
3345 1105 3621 1178 ndurch
3679 1105 3806 1179 das
3861 1106 4153 1179 Romet-

1084 1226 1287 1299 thum
1356 1225 1533 1300 iiber
1580 1226 1706 1300 das
1749 1225 2213 1300 Romerthum
2275 1225 2618 1313 hinaus,'’
2667 1250 2792 1325 per
2834 1226 3312 1300 Romanorum
3363 1232 3628 1313 artem,
3679 1226 4156 1300 Romanorum

1084 1345 1659 1445 prosternendam
1728 1371 1879 1420 esse
1952 1346 2610 1445 Iurisprudentiam.
2736 1346 2972 1418 Multa
3039 1346 3181 1419 iam
3243 1345 3416 1418 iuris
3485 1344 3638 1421 loca
3697 1345 3830 1420 hac
3893 1345 4155 1420 ratione

1089 1466 1364 1566 egregie
1434 1465 1783 1541 elaborata
1848 1477 1919 1540 et
1979 1469 2357 1544 constituta
2423 1466 2784 1540 habemus.
2884 1465 3072 1538 Mira
3127 1465 3517 1540 eruditione
3572 1464 3666 1541 ab
3715 1463 4156 1539 incunabulis

1088 1586 1260 1685 ipsis
1315 1611 1463 1660 rem
1510 1597 1878 1685 repetunt,
1928 1588 2041 1662 ius
2091 1588 2490 1661 Romanum
2540 1586 2928 1686 genuinum
2969 1593 3372 1685 exponunt,
3419 1584 3534 1678 ins
3569 1585 3944 1683 antiquum
3981 1585 4154 1658 Ger·

1089 1706 1439 1779 manicam
1497 1715 1901 1803 opponunt,
1954 1706 2416 1804 glossatorum
2475 1705 2856 1779 subiiciunt
2909 1705 3297 1793 doctrinas,
3344 1729 3475 1780 nec
3525 1705 3978 1780 scribentium
4034 1703 4159 1803 qui

1090 1834 1423 1900 vocantur
1496 1827 1869 1917 Italorum,
1942 1835 2067 1900 aut
2136 1826 2510 1925 superioris
2579 1826 2834 1900 saeculi
2903 1833 3266 1899 auctorum
3337 1833 3410 1918 (a
3474 1824 3736 1924 quibus
3803 1824 3970 1899 solis
4033 1822 4158 1896 viri

1090 1947 1353 2022 summi
1410 1948 1725 2045 proximo
1781 1972 1965 2022 anno
2012 1948 2085 2021 in
2136 1947 2361 2044 patria
2417 1955 2652 2020 nostra
2700 1953 3008 2044 repetere
3063 1946 3432 2038 voluerunt
3481 1970 3628 2020 rem
3677 1951 3990 2036 omnem)
4037 1968 4156 2018 88·

1090 2066 1369 2165 gligunt
1424 2066 1782 2164 opiniones
1803 2125 1823 2154 ,
1874 2077 1945 2140 et
1988 2067 2087 2141 sic
2130 2067 2414 2141 tandem
2456 2066 2546 2141 ad
2599 2075 2904 2140 nostram
2948 2065 3360 2166 perveniunt
3409 2072 3732 2141 aetatem.
3830 2064 4159 2139 Indicant

1093 2209 1366 2282 semper
1424 2211 1551 2283 pro
1609 2187 1796 2261 varia
1850 2186 2268 2284 populorum
2348 2187 2552 2260 variis
2621 2187 2967 2261 aetatibus
3019 2185 3414 2261 conditione
3463 2185 3724 2260 variare
3775 2184 4158 2259 identidem

1092 2313 1165 2378 et
1226 2305 1338 2378 ius
1404 2305 1634 2403 ipsum
1708 2314 1779 2381 et
1834 2307 2170 2380 ICtorum
2238 2306 2615 2383 doctrinas.
2729 2305 2976 2380 Latius
3029 2305 3282 2380 deinde
3329 2314 3732 2406 exponunt,
3791 2327 3974 2403 quae
4015 2303 4154 2378 iam
4201 2339 4206 2344 ·

1089 2448 1281 2499 nunc
1345 2450 1431 2498 ex
1495 2427 1645 2500 iure
1706 2452 1848 2525 quo
1898 2427 2167 2502 utimur
2187 2486 2207 2516 ,
2278 2452 2404 2525 pro
2459 2435 2698 2502 nostra
2745 2436 3108 2526 praesente
3157 2425 3401 2526 populi
3451 2425 3890 2512 conditione,
3941 2423 4158 2496 dedu-

1092 2544 1353 2619 cendae
1406 2552 1573 2619 sunt
1623 2547 1903 2646 regulae
1952 2547 2164 2636 iuris,
2233 2547 2600 2636 notiones,
2665 2547 3007 2622 instituta.
3108 2547 3479 2634 1888188,
3529 2566 3860 2631 xum-zu,
3911 2563 4159 2630 misr,

1092 2687 1605 2754 mnnscnnm,
1672 2673 2107 2756 nunnaiicx,
2173 2682 2285 2756 et,
2336 2667 2653 2767 quamvis
2693 2691 2944 2767 parum
2989 2666 3126 2742 alia
3161 2666 3474 2754 ratione,
3521 2686 3806 2752 nauus,
3853 2685 4162 2739 nurus

1094 2791 1167 2858 et
1214 2807 1505 2859 uncus
1552 2785 1681 2860 hac
1732 2794 1898 2861 sunt
1944 2788 2342 2863 celebrandi
2389 2790 2461 2862 in
2513 2813 2608 2862 re.

1192 2905 1445 3002 Neque
1512 2929 1666 2978 eam
1732 2905 1825 2980 ob
1884 2931 2165 2982 causam
2237 2909 2365 2983 hac
2429 2906 2926 2983 abstinendum
2973 2912 3082 2980 est
3131 2905 3402 3008 ratione,
3441 2913 3514 2980 et
3555 2903 3924 2992 methodo,
3974 2899 4164 3001 quod

1098 3024 1568 3122 antiquiorum
1592 3082 1612 3111 ,
1691 3026 2171 3101 Romanorum
2246 3026 2606 3125 inprimiS,
2674 3024 2994 3100 notiones
3067 3034 3142 3100 et
3207 3023 3562 3101 doctrinae
3624 3024 3778 3099 iure
3847 3028 4162 3121 receptae

1100 3152 1267 3217 sunt
1332 3143 1627 3242 positivo
1646 3203 1667 3233 ,
1737 3145 2013 3244 legibus
2032 3205 2055 3235 ,
2124 3145 2335 3220 rebus
2395 3146 2758 3234 iudicatis,
2827 3147 3473 3224 consuetudinibus.
3572 3148 3738 3221 Non
3794 3145 3911 3219 hic
3973 3144 4162 3219 enim

1101 3264 1191 3337 de
1235 3262 1615 3337 condendis
1654 3272 1781 3338 aut
1828 3265 2185 3341 mutandis
2206 3324 2225 3354 ,
2276 3266 2400 3339 sed
2449 3266 2538 3341 de
2587 3267 3087 3366 cognoscendis
3137 3276 3210 3342 et
3261 3265 3734 3366 intelligendis
3779 3288 4010 3339 sermo
4057 3271 4164 3339 est

1099 3382 1392 3457 iuribus.
1492 3382 1679 3458 Iuris
1748 3394 1982 3461 autem
2006 3445 2026 3474 ,
2099 3387 2335 3485 legum
2400 3386 2614 3475 adeo,
2683 3394 2792 3461 est
2843 3388 3264 3463 constituere
3313 3385 3486 3486 quid
3534 3411 3742 3485 agas,
3790 3410 3934 3461 non
3989 3384 4166 3483 qnid

1098 3501 1338 3577 credas
1360 3560 1381 3590 ,
1449 3526 1537 3577 ne
1607 3503 1695 3576 de
1758 3527 1999 3579 eorum
2062 3503 2349 3601 quidem
2423 3511 2674 3577 natura
2723 3528 2901 3603 quae
2947 3506 3220 3605 agenda
3267 3505 3855 3605 praescribuntur.
3961 3506 4165 3583 Quae

1098 3622 1373 3722 agenda
1391 3679 1411 3708 ,
1482 3622 1852 3696 edicuntur
1916 3622 2145 3697 verbis
2166 3680 2187 3711 ,
2251 3646 2433 3721 (1888
2495 3623 2940 3721 opinionibus
2995 3627 3408 3701 conveniant
3451 3634 3526 3699 et
3565 3624 3976 3701 notionibus
4023 3623 4166 3699 iam

1100 3765 1289 3815 nunc
1330 3740 1631 3839 vulgatis
1676 3748 1749 3815 et
1796 3741 2067 3816 usitatis
2086 3800 2109 3830 ,
2158 3766 2339 3840 (1888
2384 3750 2616 3817 tamen
2661 3766 2800 3817 non
2841 3742 3076 3819 minus
3121 3726 3306 3821 artis*
3325 3754 3398 3821 et
3435 3745 3790 3821 doctrinae
3821 3744 4167 3821 debentur

1106 3858 1730 3935 lucubrationibus.
1830 3860 1991 3935 Hae
2062 3862 2363 3935 inhiberi
2426 3870 2500 3936 et
2567 3862 2723 3937 sisti
2779 3863 3064 3939 historia
3115 3872 3293 3940 teste
3350 3889 3489 3941 non
3537 3872 3836 3965 possunt
3851 3922 3874 3955 ,
3937 3888 4166 3964 neque

1103 3978 1247 4054 iam
1294 3978 1609 4053 omnium
1634 4036 1655 4067 ,
1703 3987 1778 4054 et
1820 3980 2333 4081 Legislatorum
2386 3983 2694 4081 ipsorum
2721 4042 2742 4073 ,
2789 4009 3133 4060 consensu
3182 3985 3464 4062 debent.

1204 4100 1319 4173 Ne
1377 4098 1453 4174 in
1518 4099 1605 4174 iis
1663 4100 1949 4199 quidem
1996 4100 2165 4175 locis
2212 4102 2383 4177 haec
2427 4103 2883 4203 relinquenda
2929 4106 3105 4180 ratio
3149 4114 3223 4181 et
3271 4106 3686 4195 methodus,
3737 4128 3956 4204 (1888,
4005 4128 4168 4179 cnm

1106 4242 1197 4295 ne
1260 4218 1411 4318 ipse
1464 4219 1751 4317 quidem
1812 4218 2204 4320 Legislator
2223 4279 2244 4309 ,
2310 4223 2661 4320 quomodo
2719 4248 2884 4299 cum
2941 4225 3189 4300 ceteris
3237 4226 3410 4301 iuris
3453 4224 3803 4325 capitibus
3849 4224 4166 4301 cohaere-

1106 4347 1299 4427 rent,
1370 4339 1825 4439 perspiceret,
1894 4364 2024 4415 nec
2094 4341 2394 4439 perspici
2456 4366 2660 4439 posse
2722 4352 3000 4441 putaret
3017 4404 3039 4433 ,
3107 4345 3470 4421 fictionum
3536 4345 3820 4421 nomine
3886 4345 4170 4419 fuerunt

1106 4458 1463 4559 insignita.
1564 4460 1751 4535 Nam
1802 4457 1994 4557 apud
2039 4460 2334 4559 populos
2357 4516 2378 4549 ,
2427 4460 2553 4559 qui
2601 4486 2740 4537 non
2782 4463 2955 4539 iuris
3007 4463 3321 4539 fontibus
3374 4471 3675 4541 utuntur
3715 4462 3970 4563 impari
4009 4486 4167 4539 auc·

1112 4578 1391 4655 toi-itate
1460 4577 1793 4678 praeditis
1811 4635 1834 4667 ,
1900 4578 2097 4653 nullo
2164 4580 2300 4654 alio
2350 4605 2562 4655 sensu
2611 4582 2702 4657 de
2747 4582 3146 4660 fictionibus
3199 4608 3426 4660 sermo
3477 4608 3632 4661 esse
3675 4592 3928 4685 potest.
4007 4581 4172 4657 Vita

1114 4705 1350 4774 autem
1416 4697 1637 4773 civilis
1706 4706 1934 4774 totum
2001 4698 2357 4799 quoddam
2429 4700 2639 4775 efficit
2703 4726 2922 4775 unum
2989 4711 3062 4777 et
3119 4703 3565 4779 individuum
3580 4761 3603 4793 ,
3667 4701 3870 4777 cuius
3930 4724 4172 4776 omnes

1120 4816 1489 4893 cohaerent
1527 4826 1759 4917 partes
1776 4876 1801 4911 ,
1850 4818 2123 4920 sibique
2172 4820 2614 4897 conveniunt.
2713 4822 3084 4899 Rationem
3123 4830 3198 4919 et
3239 4824 3526 4899 modum
3545 4880 3570 4915 ,
3618 4821 3940 4921 quamvis
3977 4842 4168 4922 prae·
