4730 6049
1020 655 1153 726 sss
1776 607 1790 616 ⁸
2147 655 2343 720 n.1.
2421 650 2955 719 GRATAMA

1012 868 1201 943 varia
1250 875 1357 940 est
1398 865 1921 940 consociationis
1961 871 2033 937 et
2074 862 2524 937 convictionis
2569 861 2914 936 humanae
2951 863 3200 932 natura
3217 913 3238 944 ,
3287 856 3549 931 variare
3577 880 3822 932 omnes
3851 855 4072 932 etiam

1014 989 1198 1062 vitae
1238 986 1785 1061 necessitudines
1834 1007 2115 1060 necesse
2160 994 2288 1059 est.
2391 985 2598 1062 Quae
2652 982 2941 1080 quidem
2995 1001 3240 1054 omnes
3279 976 3650 1052 cohaerent
3697 977 3882 1052 inter
3935 1001 4088 1054 sese

1014 1108 1371 1182 communi
1426 1107 1735 1206 quodam
1799 1105 2094 1180 vinculo.
2198 1103 2276 1176 Si
2346 1103 2422 1176 in
2482 1126 2623 1176 una
2677 1102 2910 1200 aliqua
2963 1099 3072 1172 vel
3120 1097 3496 1172 minimum
3553 1104 3908 1186 mutatur,
3961 1097 4086 1172 ali·

1016 1226 1192 1325 quid
1242 1225 1527 1298 additur
1570 1223 1679 1298 vel
1730 1223 2157 1310 detrahitur,
2208 1221 2337 1295 hoc
2385 1221 2458 1294 in
2503 1245 2750 1295 omnes
2795 1229 3058 1294 ceteras
3103 1217 3454 1292 redundat
3497 1217 4088 1307 necessitudines,

1016 1346 1405 1443 harumque
1484 1343 1699 1419 etiam
1786 1343 2196 1417 necessitate
2268 1340 2574 1439 quadam
2649 1346 2876 1415 mutat
2943 1337 3296 1436 variatque
3371 1345 3718 1416 naturam.
3847 1336 4090 1414 Cuivis

1016 1465 1263 1553 aetati,
1330 1445 1552 1538 cuivis
1600 1464 1783 1538 vitae
1832 1464 2050 1538 civilis
2104 1461 2422 1535 excultae
2467 1460 2719 1560 gradui
2739 1519 2761 1547 ,
2815 1483 2941 1533 sua
2993 1466 3099 1532 est
3145 1465 3394 1532 natura
3437 1466 3512 1532 et
3563 1457 3914 1548 conditio,
3963 1483 4092 1534 sua

1016 1586 1333 1660 omnium
1386 1584 1567 1658 vitae
1616 1583 2211 1658 necessitudinum
2264 1581 2613 1655 ordinatio
2633 1639 2653 1668 ,
2703 1578 3112 1679 compositio
3159 1586 3233 1652 et
3281 1585 3650 1654 structura.

1116 1707 1211 1779 Et
1276 1704 1339 1780 si
1404 1705 1735 1779 continuo
1796 1713 1872 1778 et
1931 1728 2071 1778 non
2138 1704 2527 1800 interrupto
2589 1701 2831 1776 ordine
2893 1700 3204 1774 diversae
3260 1698 3418 1772 illae
3471 1705 3771 1787 aetates,
3838 1697 4092 1773 diversi

1017 1827 1197 1900 vitae
1242 1825 1462 1899 civilis
1511 1824 1829 1899 excultae
1881 1825 2143 1923 gradus
2190 1823 2325 1896 sibi
2378 1822 2762 1896 succedunt
2781 1879 2802 1908 ,
2867 1827 3055 1895 certo
3101 1841 3382 1916 quoque
3419 1816 3662 1892 ordine
3709 1818 4088 1893 necessitu-

1015 1946 1214 2020 dines
1278 1945 1435 2020 illas
1501 1945 1691 2018 vitae
1758 1944 2105 2018 humanae
2172 1943 2535 2040 variasque
2593 1941 2870 2016 illarum
2920 1939 3178 2014 formas
3229 1937 3368 2013 sibi
3423 1937 3760 2012 substitui
3809 1961 4092 2013 necesse

1014 2073 1142 2139 est.
1246 2063 1379 2136 Ille
1425 2062 1597 2138 ordo
1618 2121 1638 2150 ,
1689 2087 1871 2160 quae
1916 2062 2033 2136 lex
2076 2067 2185 2134 est
2225 2059 2562 2134 naturalis
2609 2057 2900 2135 humani
2943 2059 3218 2158 generis
3261 2082 3510 2133 sanum
3553 2057 3646 2132 ab
3694 2058 3888 2132 omni
3935 2083 4090 2157 per·

1011 2182 1411 2257 turbatione
1479 2183 1777 2256 liberum
1846 2158 2094 2280 regens
2158 2181 2671 2254 incrementum
2695 2239 2715 2269 ,
2783 2178 2988 2252 nobis
3043 2187 3152 2253 est
3215 2178 3744 2278 investigandus
3787 2186 3860 2253 et
3908 2177 4090 2252 indi-

1014 2301 1283 2376 candus
1304 2358 1323 2388 ,
1380 2301 1479 2374 ita
1520 2309 1601 2374 ut
1648 2301 1737 2376 de
1790 2300 2121 2374 omnibus
2170 2299 2307 2373 illis
2353 2299 2988 2373 necessitudinibus
3037 2298 3378 2398 variisque
3422 2298 3662 2373 formis
3709 2298 4090 2374 constitua·

1013 2445 1211 2509 mus,
1280 2420 1561 2494 cuinam
1632 2421 1951 2520 propriae
2028 2421 2169 2494 sint
2238 2419 2489 2507 aetati,
2554 2419 2629 2493 in
2676 2443 2984 2517 quonam
3030 2419 3210 2494 vitae
3249 2418 3470 2494 civilis
3510 2419 3826 2504 excultae
3855 2418 4094 2518 ,gradu

1014 2549 1399 2616 occurrant.
1514 2541 1763 2615 Variae
1830 2541 1990 2615 illae
2065 2548 2328 2615 aetates
2348 2599 2370 2628 ,
2444 2539 2615 2614 varii
2678 2540 2783 2613 illi
2857 2539 3040 2614 vitae
3115 2539 3335 2614 civilis
3403 2539 3720 2614 excultae
3785 2539 4050 2638 gradus
4070 2596 4091 2627 ,

1012 2683 1340 2759 praesens
1390 2659 1612 2758 igitur
1652 2661 1895 2760 populi
1936 2660 2244 2735 conditio
2292 2659 2791 2734 conscientiam
2835 2657 3018 2758 regit
3051 2658 3406 2759 publicam
3424 2717 3447 2748 ‚
3495 2635 3580 2734 et'
3611 2659 3902 2759 perinde
3941 2662 4094 2734 iura

1010 2787 1085 2853 et
1138 2779 1463 2855 instituta
1507 2781 1759 2854 definit
1810 2781 2372 2879 determinatque
2417 2780 2673 2854 omnia.

1116 2899 1394 2978 Quodsi
1447 2899 1631 2973 vitae
1683 2901 2233 2976 necessitudines
2256 2960 2275 2990 ,
2344 2925 2526 2999 quae
2567 2901 2668 2974 ita
2711 2905 3072 2998 praesente
3119 2899 3361 2999 populi
3397 2898 3796 2975 conditione
3843 2904 4091 2997 sponte

1012 3020 1219 3117 quasi
1266 3019 1738 3108 definiuntur,
1788 3046 2273 3120 comparamus
2316 3045 2481 3096 cum
2524 3018 3156 3097 necessitudinibus
3195 3021 3317 3108 iis,
3367 3045 3549 3119 quae
3589 3019 3846 3119 cuique
3889 3016 4093 3119 'genti

894 3192 897 3197 -
1013 3148 1185 3213 sunt
1253 3139 1569 3237 propriae
1590 3198 1610 3227 ,
1682 3141 1793 3214 vel
1842 3165 2025 3240 quae
2076 3140 2269 3214 falsis
2320 3140 2734 3239 depravatae
2787 3149 2954 3215 sunt
3003 3139 3450 3241 opinionibus
3469 3200 3490 3231 ,
3552 3142 3756 3239 longe
3803 3137 4092 3214 maximi

1011 3259 1352 3333 momenti
1434 3260 1510 3333 in
1586 3258 1739 3334 iure
1816 3260 2215 3335 definiendo
2294 3268 2735 3360 praesentem
2813 3285 2964 3335 esse
3042 3262 3284 3361 populi
3353 3260 3824 3336 conditionem
3891 3259 4090 3341 facile

896 3388 903 3395 ’
1016 3385 1323 3477 apparet.

1115 3499 1321 3576 Quae
1382 3498 1443 3571 si
1509 3504 1873 3574 teneamus
1892 3558 1913 3589 ,
1976 3500 2339 3576 historicae
2397 3499 2673 3575 scholae
2719 3497 3060 3599 principia
3102 3524 3266 3575 cum
3313 3499 3746 3600 Hegelianae
3788 3498 4088 3598 philoso-

1013 3617 1219 3716 phiae
1268 3619 1541 3716 placitis
1588 3621 1854 3718 optime
1902 3621 2233 3719 coniungi
2272 3628 2345 3693 et
2389 3618 2738 3694 conciliari
2781 3644 2990 3718 posse
3035 3628 3280 3719 sponte
3327 3628 3560 3719 patet,
3609 3627 3682 3693 et
3724 3619 4088 3718 utriusque

1019 3737 1461 3813 decretorum
1513 3741 1871 3815 veritatem
1921 3741 2171 3815 melius
2216 3740 2428 3815 etiam
2476 3740 2955 3840 perspicimus.
3115 3828 3122 3835 ,

1114 3858 1451 3932 Praesens
1522 3861 1765 3959 populi
1838 3861 2144 3935 conditio
2161 3921 2181 3951 ‚
2250 3885 2392 3935 non
2463 3885 2667 3935 casus
2739 3869 2812 3933 et
2875 3859 3155 3933 fortuna
3173 3914 3195 3946 ,
3260 3857 3678 3932 determinat
3732 3855 4089 3957 publicam

1014 3976 1533 4053 conscientiam.
1655 3980 1939 4055 Errores
1958 4040 1978 4070 ‚
2054 3979 2271 4055 falsae
2338 3985 2879 4077 praeconceptae
2947 3973 3306 4075 opiniones
3368 4000 3535 4053 mox
3593 3976 3859 4051 cadunt
3872 4033 3893 4064 ,
3953 3973 4092 4049 nisi

1020 4118 1185 4169 cum
1227 4096 1369 4171 ista
1416 4106 1777 4197 praesente
1830 4100 2072 4199 populi
2114 4098 2520 4175 conditione
2561 4096 2968 4185 cohaerent,
3019 4096 3228 4171 sicuti
3267 4096 3420 4171 iura
3465 4104 3541 4171 et
3589 4096 3914 4171 instituta
3955 4094 4094 4170 nisi

1020 4216 1439 4291 conscientia
1502 4218 1827 4294 nituntur
1889 4219 2169 4319 publiea
2188 4277 2208 4306 ,
2274 4216 2624 4293 introduci
2701 4216 2913 4303 forte,
2975 4216 3102 4291 sed
3173 4240 3340 4293 sane
3388 4217 3718 4293 sustineri
3775 4216 3903 4291 diu
3950 4238 4092 4290 non

1022 4346 1338 4434 possunt.
1439 4338 1779 4414 Praesens
1851 4347 2088 4414 autem
2160 4338 2279 4412 illa
2348 4336 2593 4436 populi
2659 4336 2968 4413 conditio
3043 4360 3184 4413 non
3264 4338 3476 4414 unius
3540 4337 3840 4411 hominis
3859 4394 3880 4425 ,
3950 4360 4092 4412 non

1030 4457 1241 4531 unius
1304 4457 1553 4533 aetatis
1613 4482 1823 4557 opera
1894 4465 2001 4533 est
2054 4466 2129 4531 et
2192 4458 2554 4557 negotium
2574 4513 2595 4544 ,
2669 4457 2794 4531 sed
2857 4457 3176 4533 omnium
3227 4461 3510 4533 omnino
3559 4466 3870 4533 aetatum
3911 4480 4092 4556 quae

1028 4598 1179 4651 sese
1224 4576 1299 4651 in
1350 4576 1603 4675 aliquo
1629 4579 1891 4685 populo
1929 4576 2378 4677 exceperunt.
2482 4577 2570 4649 In
2615 4576 2948 4653 continua
2993 4576 3120 4656 hae
3165 4584 3239 4652 et
3288 4602 3428 4667 non
3481 4577 3872 4676 interrupta
3919 4576 4094 4651 serie

1021 4718 1338 4771 nnonmr
1398 4697 1725 4797 discipuli
1788 4705 2178 4798 agnoscunt
2241 4696 2644 4772 absolutum
2711 4696 2892 4771 illud
2949 4705 3023 4773 et
3074 4720 3298 4774 unum
3319 4757 3342 4788 ‚
3403 4697 3601 4797 quod
3641 4697 3716 4772 in
3761 4696 4094 4772 omnibus

1025 4814 1181 4889 istis
1254 4824 1583 4916 appareat
1646 4810 1719 4893 et
1784 4818 2267 4895 manifestetur
2336 4816 2738 4917 speciebus:
2814 4840 2944 4893 nos
3013 4826 3253 4895 autem
3327 4816 3707 4893 Christiani
3775 4814 4094 4891 homines
