4730 6049
734 637 751 652 ·
878 628 964 693 82
1952 625 2121 695 VAN
2168 624 2549 696 BONEVAL
2592 626 2862 693 FAURE

877 857 1056 933 quae
1122 834 1211 908 de
1267 833 1518 934 placito
1579 831 1699 907 illo
1758 840 1884 907 art.
1955 837 2000 907 9
2056 833 2131 907 in
2182 833 2470 909 concilio
2515 832 2798 933 legifero
2841 840 2996 910 acta
3043 841 3247 925 sunt;
3313 859 3454 935 quo
3493 833 3756 911 factum
3802 847 3923 926 ut,

873 953 1464 1051 quemadmodum
1536 954 1611 1027 in
1682 951 1835 1028 aliis
1908 952 2115 1028 verba
2186 964 2258 1029 et
2322 954 2666 1029 sententia
2735 952 2908 1053 legis
2928 1011 2950 1042 ,
3020 952 3096 1028 in
3162 954 3291 1029 hae
3351 953 3755 1053 quaestione
3811 955 3926 1031 lex

873 1072 1127 1173 scripta
1196 1079 1269 1147 et
1332 1071 1857 1176 deliberationes
1922 1072 2010 1147 de
2072 1072 2225 1173 lege
2295 1072 2576 1149 habitae
2641 1074 2824 1149 inter
2889 1098 2966 1149 se
3028 1073 3388 1174 oppositae
3457 1074 3596 1149 sint
3667 1074 3924 1174 quibus

869 1190 1172 1266 vicissim
1220 1216 1418 1268 suam
1468 1190 1765 1292 quisque
1810 1191 2207 1292 opinionem
2254 1192 2674 1269 corroborari
2721 1194 3203 1269 contenderint
3251 1194 3378 1269 viri
3419 1194 3626 1269 docti.

965 1312 1203 1387 Primo
1262 1320 1497 1387 autem
1552 1312 1809 1387 obtutu
1856 1313 1969 1387 vix
2019 1319 2127 1388 est
2166 1312 2334 1411 quin
2384 1312 2715 1388 maiorem
2763 1313 3112 1413 prioribus
3155 1313 3651 1415 interpretibus
3709 1315 3920 1391 fidem

866 1429 1123 1506 habeas
1134 1464 1153 1520 3
1204 1431 1332 1507 hos
1371 1431 1673 1507 maxime
1716 1431 1807 1506 ab
1859 1431 1945 1506 iis
1986 1454 2167 1531 quae
2213 1456 2377 1505 cum
2423 1431 2716 1531 singulis
2761 1432 2987 1507 causis
3035 1433 3234 1533 quasi
3277 1435 3440 1508 oriri
3487 1435 3710 1510 solent
3757 1458 3916 1511 nae·
4005 1446 4010 1451 ’

866 1550 969 1625 vis
1032 1558 1105 1625 et
1164 1550 1398 1626 dubiis
1458 1550 1711 1627 liberos
1767 1574 2128 1650 aequoque
2180 1550 2406 1651 magis
2454 1551 2688 1628 animo
2734 1575 2883 1627 rem
2931 1552 3348 1629 diiudicasse
3394 1554 3592 1629 facile
3641 1554 3917 1643 credas;

864 1679 977 1762 at,
1048 1672 1435 1747 accuratius
1494 1695 1571 1746 re
1633 1678 1991 1771 perspecta
2010 1727 2031 1758 ,
2102 1669 2216 1743 vix
2283 1668 2567 1745 dubitas
2624 1670 2794 1769 quin
2819 1728 2840 1759 ,
2902 1695 3122 1770 quum
3174 1672 3326 1772 ipso
3378 1671 3521 1747 fere
3569 1682 3876 1771 tempore
3895 1730 3916 1761 ,

862 1816 1003 1891 quo
1068 1814 1291 1867 novus
1350 1790 1568 1865 codex
1626 1789 2109 1892 promulgatus
2182 1796 2329 1879 est,
2401 1788 2832 1890 scripserint,
2901 1790 2993 1866 ad
3057 1791 3264 1867 verba
3321 1792 3664 1892 imprimis
3686 1850 3708 1882 ,
3773 1791 3918 1867 imo

862 1910 1045 2000 sola,
1112 1910 1569 1999 attenderint,
1634 1904 1876 2009 utpote
1940 1934 2119 2010 quae
2171 1915 2314 1984 tam
2358 1910 2542 1987 clara
2586 1910 2674 1985 iis
2725 1917 2891 1986 sunt
2939 1910 3088 1987 visa
3137 1919 3220 1986 ut
3267 1935 3358 1985 ne
3405 1912 3918 2013 suspicarentur

859 2030 1147 2131 quidem
1212 2030 1348 2107 alio
1414 2054 1623 2107 sensu
1687 2054 1772 2105 ea
1838 2029 2057 2131 accipi
2118 2054 2361 2128 posse3
2427 2037 2734 2105 caeteros
2781 2036 3018 2106 autem
3059 2030 3644 2132 interpretationis
3687 2033 3914 2107 fontes

856 2151 1062 2251 plane
1130 2149 1579 2285 neglexerint.
1680 2148 2014 2225 Rationes
2082 2149 2294 2225 etiam
2365 2149 2739 2225 dubitandi
2799 2148 2940 2225 iam
2995 2158 3380 2227 nascuntur
3423 2152 3700 2253 plures3
3749 2176 3911 2228 con·

858 2270 1067 2347 traria
1124 2270 1304 2345 iuris
1348 2269 1631 2349 francici
1682 2277 1754 2345 et
1815 2268 2023 2371 patrii
2071 2268 2343 2371 antiqui
2394 2268 2539 2346 imo
2587 2268 2762 2345 iuris
2811 2270 3130 2369 gentium
3169 2271 3438 2375 privati
3462 2272 3744 2373 regula,
3787 2270 3908 2413 ab·

857 2390 1106 2466 surdae
1154 2391 1724 2491 consequentiae,
1772 2396 2059 2465 caetera.

947 2510 1297 2609 Aperiunt
1359 2520 1598 2588 autem
1660 2518 1963 2587 caeteros
2025 2508 2526 2610 interpretandi
2581 2509 2806 2585 fontes
2862 2508 2986 2609 qui
3034 2508 3195 2585 dein
3243 2510 3659 2586 exstiterunt
3697 2466 3906 2585 inter-

845 2638 1079 2731 pretes
1142 2639 1214 2707 et
1276 2631 1429 2707 luce
1500 2631 1756 2706 clarius
1808 2630 2320 2705 demonstrant
2326 2630 2522 2705 hanc
2577 2629 2794 2704 fuisse
2842 2628 3252 2728 legislatoris
3303 2628 3730 2705 voluntatem
3781 2635 3905 2717 ut,

847 2774 1028 2849 quae
1087 2750 1175 2825 de
1237 2758 1500 2827 statuto
1550 2750 1892 2851 personali
1935 2774 2207 2850 semper
2257 2750 2569 2826 valuerat
2618 2748 2862 2848 regula
2880 2806 2903 2839 ‚
2956 2748 3165 2823 etiam
3209 2748 3284 2824 in
3329 2756 3684 2849 posterum
3727 2748 3906 2823 vale·

844 2878 995 2959 ret;
1064 2892 1291 2969 neque
1354 2870 1547 2947 aliud
1603 2895 1769 2947 eum
1822 2870 1897 2945 in
1948 2870 2182 2946 animo
2230 2870 2560 2947 habuisse
2605 2877 2876 2971 praeter
2921 2868 3052 2945 hoc
3101 2892 3324 2944 unum
3348 2926 3370 2957 ,
3421 2875 3504 2943 ut
3543 2866 3906 2968 peregrino

845 2989 1001 3089 ipsa
1059 2990 1127 3066 vi
1192 2998 1466 3068 nostrae
1520 2990 1695 3092 legis
1740 2988 1975 3067 omnia
2020 3014 2199 3090 quae
2245 2988 2428 3066 cives
2474 2988 2811 3067 haberent
2852 2989 3008 3067 iura
3051 2988 3524 3066 tribuerentur
3542 3049 3564 3081 ‚
3613 2988 3749 3067 nisi
3793 2988 3905 3064 lex

846 3109 1002 3210 ipsa
1061 3110 1481 3188 contrarium
1545 3117 1900 3186 statueret.
1997 3109 2231 3186 Verba
2278 3110 2538 3210 quibus
2578 3110 2930 3211 legislator
2967 3111 3394 3187 voluntatem
3436 3133 3634 3186 suam
3677 3109 3902 3186 decla·

842 3230 1094 3308 raverit
1137 3231 1349 3308 nimis
1394 3231 1700 3332 generali
1752 3255 1963 3307 sensu
2013 3255 2165 3305 esse
2218 3238 2549 3330 concepta
2605 3238 3033 3330 agnoscunt,
3104 3229 3502 3331 interpretis
3555 3250 3696 3305 non
3749 3251 3902 3304 esse

842 3348 1273 3451 distinguere
1334 3349 1461 3428 ubi
1522 3352 1633 3427 lex
1699 3375 1863 3444 non·
1898 3349 2285 3450 distinguat
2354 3349 2570 3450 probe
2627 3375 2702 3426 se
2752 3349 2924 3426 scire
2975 3349 3159 3425 ultro
3201 3349 3546 3439 fatentur,
3595 3373 3683 3424 ex
3729 3347 3896 3424 deli-

840 3467 1315 3546 berationibus
1363 3493 1523 3546 vero
1571 3469 1779 3546 aliam
1826 3491 2105 3570 prorsus
2151 3467 2562 3569 legislatoris
2605 3469 3018 3544 sententiam
3063 3478 3212 3546 tam
3255 3470 3622 3545 manifesto
3661 3475 3897 3568 patere

840 3596 1126 3663 censent
1198 3599 1279 3664 ut
1346 3589 1556 3665 verba
1619 3588 1837 3665 menti
1898 3589 2141 3664 cedere
2205 3586 2545 3678 debeant;
2621 3619 2660 3660 n
2680 3589 2852 3664 scire
2911 3589 3099 3665 enim
3153 3589 3342 3690 leges
3395 3614 3538 3665 non
3593 3589 3724 3664 hoc
3789 3593 3896 3662 est

842 3705 1051 3782 verba
1096 3731 1337 3783 earum
1389 3717 1622 3784 tenere
1671 3707 1794 3784 sed
1842 3708 1985 3783 vim
2036 3731 2117 3782 ac
2162 3707 2653 3807 potestatem.”

938 3823 1077 3900 His
1118 3835 1353 3903 tamen
1396 3827 1547 3904 iure
1566 3821 1573 3826 ’
1591 3828 1838 3903 merito
1881 3827 1971 3903 ab
2022 3827 2428 3904 adversariis
2477 3851 2889 3928 responsum
2933 3836 3040 3904 est
3086 3852 3226 3904 non
3281 3829 3381 3904 ita
3433 3827 3640 3904 licere
3685 3827 3892 3903 aliam

838 3944 1215 4045 legislatori
1260 3947 1631 4024 obtrudere
1684 3947 2107 4023 voluntatem
2161 3972 2374 4046 quam
2429 3971 2610 4048 quae
2665 3947 2892 4022 verbis
2939 3939 3400 4030 consentanea
3445 3971 3596 4023 esse
3647 3946 3888 4047 possit.

832 4063 1283 4148 Probandum
1320 4067 1537 4168 igitur
1570 4075 1717 4145 erat
1763 4067 1986 4169 ipsam
2027 4065 2217 4144 illam
2263 4068 2351 4143 de
2403 4091 2544 4167 qua
2591 4066 2760 4142 satis
2803 4076 3150 4144 constaret
3187 4067 3596 4170 legislatoris
3641 4065 3880 4142 volun·

835 4193 1054 4262 tatem
1124 4212 1351 4290 neque
1418 4188 1591 4289 legis
1658 4186 1884 4264 verbis
1944 4211 2369 4288 repugnare;
2445 4186 2652 4262 verba
2719 4187 3006 4286 quidem
3066 4189 3210 4264 sola
3270 4188 3329 4263 si
3385 4193 3650 4286 spectes
3699 4183 3882 4260 clara

836 4305 1051 4384 videri
1071 4367 1093 4398 ,
1161 4309 1417 4384 mentis
1480 4333 1639 4384 vero
1703 4307 1968 4386 ratione
2041 4306 2277 4383 habita
2296 4364 2317 4395 ,
2383 4303 2706 4380 strictiori
2765 4307 2975 4385 etiam
3041 4332 3256 4385 sensu
3297 4307 3516 4406 accipi
3562 4329 3765 4405 posse
3812 4311 3884 4378 et

839 4427 1111 4506 debere.
1213 4429 1428 4509 Quod
1476 4428 1763 4528 quidem
1826 4427 2132 4526 ipsarum
2184 4424 2758 4502 deliberationum
2811 4453 2944 4528 ope
2995 4429 3146 4504 aliis
3194 4429 3450 4503 iterum
3498 4424 3887 4524 interpreti-

816 4547 970 4624 *bus
1014 4549 1276 4649 optime
1322 4549 1673 4626 successit.
1773 4549 1881 4657 Ex
1929 4545 2066 4621 illis
2116 4547 2302 4622 enim
2355 4546 2742 4622 luculenter
2785 4547 2998 4622 etiam
3045 4557 3332 4648 apparet
3385 4546 3842 4646 legislatorem
3861 4600 3884 4633 ‚

833 4692 1055 4767 quum
1104 4669 1437 4770 placitum
1478 4666 1654 4745 illud
1704 4675 1830 4742 art.
1885 4671 1931 4742 9
1976 4665 2466 4756 constitueret,
2517 4667 3002 4742 tantummodo
3043 4669 3268 4768 egisse
3311 4667 3400 4742 de
3441 4665 3842 4766 quaestione
3859 4720 3882 4753 ‚

834 4813 1175 4888 quaenam
1244 4790 1397 4865 iura
1460 4788 1685 4866 civilia
1748 4787 2111 4889 peregrino
2171 4787 2284 4864 hic
2332 4787 2616 4888 degenti
2676 4789 3198 4886 competerent?
3268 4787 3412 4862 ·Ab
3481 4786 3610 4860 hae
3672 4801 3881 4884 quae-
