4730 6049
1077 658 1220 729 834
2215 659 2288 726 B.
2359 660 2412 727 1.
2482 658 3013 726 GRATAMA

1075 869 1365 969 quidem
1427 876 1686 946 aetates
1749 892 1891 944 non
1959 890 2304 945 annorum
2374 868 2617 944 ordine
2678 868 2803 943 sed
2872 868 3293 968 populorum
3344 866 3677 943 metimur
3726 865 4141 944 conditione.

1075 990 1288 1069 Quod
1361 992 1674 1066 naturale
1695 1050 1716 1079 ,
1787 1013 2036 1065 sanum
2058 1046 2078 1078 ,
2150 988 2361 1064 nullis
2422 990 2607 1065 vitiis
2674 996 2799 1066 aut
2861 987 3123 1064 morbis
3188 1012 3597 1088 oppressum
3667 1010 3911 1063 secum
3974 988 4145 1065 ferat

1074 1111 1256 1187 vitae
1311 1108 1530 1185 civilis
1575 1110 2080 1185 incrementum
2103 1165 2124 1196 ,
2176 1109 2308 1185 hoc
2359 1109 2475 1185 ius
2522 1109 2909 1210 appelletur
2961 1109 3299 1185 naturale.
3403 1107 3842 1184 Historicum
3888 1108 4141 1209 igitur,
4190 1164 4196 1171 -

1075 1230 1266 1330 quod
1321 1230 1708 1305 maximum
1764 1237 1838 1304 et
1903 1228 2292 1328 plurimum
2356 1231 2429 1305 in
2500 1230 2651 1306 iure
2700 1229 3134 1305 efformando
3179 1228 3361 1305 valet
3404 1238 3839 1305 momentum
3860 1286 3883 1320 ,
3934 1230 4143 1307 etiam

1071 1351 1147 1425 in
1197 1352 1346 1425 iure
1395 1359 1814 1449 agnoscatur
1860 1348 2185 1425 naturali.

1170 1472 1234 1545 E
1289 1471 1718 1547 medicorum
1768 1494 1843 1545 re
1895 1470 2202 1568 imagine
2254 1470 2583 1549 desumta
2632 1496 2862 1547 meam
2910 1469 3137 1570 magis
3186 1468 3399 1544 etiam
3444 1476 3516 1544 et
3567 1468 3661 1545 ab
3710 1470 3905 1545 omni
3950 1476 4143 1569 parte

1069 1591 1415 1667 illustrare
1484 1592 1686 1667 liceat
1749 1592 2186 1668 sententiam.
2289 1592 2555 1668 Medici
2610 1616 2751 1669 non
2822 1616 2909 1667 ex
2967 1614 3109 1667 uno
3163 1589 3443 1665 homine
3464 1648 3485 1679 ,
3550 1614 3695 1667 uno
3740 1590 4141 1679 individuo,

1071 1723 1262 1812 certo
1335 1714 1518 1789 vitae
1588 1737 1754 1790 suae
1821 1720 2178 1787 momento
2243 1711 2623 1787 constituto
2644 1771 2663 1801 ,
2732 1722 2951 1787 artem
3014 1735 3215 1786 suam
3284 1718 3357 1785 et
3409 1710 3847 1811 disciplinam
3899 1711 4143 1811 depro-

1071 1841 1280 1909 munt
1351 1842 1424 1909 et
1487 1832 1845 1933 colligunt.
1949 1834 2064 1909 Sic
2133 1858 2264 1908 nos
2315 1833 2533 1908 vitam
2592 1833 2862 1909 civilem
2909 1856 3049 1907 non
3096 1856 3183 1907 ex
3226 1830 3441 1906 unius
3494 1830 3793 1906 civitatis
3840 1831 3983 1906 iam
4026 1855 4140 1907 ex·

1067 1953 1421 2030 stantibus
1487 1953 1831 2029 institutis
1899 1954 2232 2054 cognosci
2303 1978 2509 2054 posse
2582 1964 2937 2054 putamus.
3036 1954 3130 2027 Et
3196 1951 3491 2027 minime
3546 1952 3833 2051 quidem
3893 1950 4145 2028 medici

1065 2072 1252 2147 intra
1308 2071 1644 2147 infantiae
1713 2070 1829 2146 vel
1891 2072 2066 2147 adeo
2128 2072 2310 2147 vitae
2372 2072 2685 2147 uterinae
2732 2072 3039 2149 stadium
3086 2094 3237 2145 sese
3286 2072 3667 2147 continent.
3770 2072 3889 2148 Sic
3940 2072 4143 2147 nobis

1067 2218 1212 2269 non
1277 2218 1364 2269 ex
1429 2194 1570 2269 vita
1632 2192 2028 2269 antesociali
2050 2252 2071 2282 ,
2139 2218 2226 2268 ex
2287 2200 2477 2269 statu
2545 2193 2723 2269 adeo
2778 2193 2897 2268 illo
2944 2217 3155 2294 quem
3204 2192 3568 2292 fingebant
3608 2193 3953 2282 naturali,
4004 2193 4143 2269 vita

1069 2314 1290 2390 civilis
1357 2311 1755 2388 definienda
1811 2320 1938 2388 est.
2041 2312 2514 2413 Distinguunt
2580 2314 2835 2389 medici
2900 2314 2975 2389 in
3023 2315 3165 2389 vita
3214 2312 3525 2391 humana
3564 2316 3787 2390 varias
3839 2322 4139 2405 aetates,

1069 2442 1144 2510 et
1209 2432 1383 2533 quid
1435 2432 1690 2532 cuique
1747 2431 2105 2531 proprium
2157 2433 2248 2507 sit
2303 2434 2672 2510 definiunt.
2774 2434 2921 2508 Suo
2971 2442 3279 2535 tempore
3340 2436 3588 2511 dentes
3637 2444 4139 2536 prorumpunt,

1069 2554 1332 2631 cadunt
1349 2612 1370 2643 ‚
1421 2560 1820 2640 mutantur,
1871 2560 2159 2653 apparet
2201 2552 2419 2629 barba
2438 2612 2458 2643 ,
2509 2554 2735 2629 oritur
2770 2561 2843 2629 et
2882 2555 3357 2654 exstinguitur
3392 2555 3699 2631 sobolem
3738 2552 4139 2655 procreandi

1068 2674 1382 2751 facultas.
1487 2672 1602 2747 Sic
1665 2670 1868 2747 nobis
1939 2671 2114 2772 quid
2175 2698 2498 2774 quaeque
2554 2673 2631 2749 in
2694 2675 2837 2750 vita
2902 2674 3087 2750 civili
3148 2676 3327 2751 ferat
3377 2675 3697 2776 gentium
3752 2683 3947 2751 aetas
3968 2734 3988 2764 ‚
4036 2676 4137 2749 in·

1065 2796 1594 2897 vestigandum:
1665 2794 2234 2871 constituendum
2300 2820 2481 2893 quae
2546 2795 2873 2895 qualesve
2930 2795 3103 2871 iuris
3160 2797 3445 2897 regulae
3466 2856 3485 2887 ,
3536 2796 3853 2873 notiones
3870 2856 3893 2887 ‚
3942 2794 4135 2872 insti·

1063 2925 1222 2993 tuta
1265 2916 1522 3015 cuique
1568 2916 1886 3015 propriae
1937 2916 2080 2991 sint
2129 2916 2367 2991 aetati.

1159 3035 1278 3113 Ab
1337 3037 1426 3112 iis
1445 3096 1466 3127 ,
1534 3061 1714 3135 quae
1775 3061 1904 3136 pro
1975 3037 2160 3111 varia
2206 3029 2429 3112 aetate
2476 3036 2814 3112 differunt
2856 3039 3220 3114 hominum
3241 3096 3262 3129 ‚
3320 3045 3729 3138 separantur
3771 3062 3954 3139 quae
4000 3037 4133 3113 sin-

1063 3158 1250 3259 gulis
1318 3157 1598 3258 propria
1669 3165 1836 3232 sunt
1901 3156 2306 3232 hominibus
2372 3166 2447 3231 et
2508 3155 2913 3233 individuis.
3011 3158 3159 3234 Alii
3220 3158 3440 3258 nigris
3462 3217 3482 3248 ,
3546 3158 3665 3234 alii
3716 3158 3917 3234 flavia
3939 3217 3960 3246 ‚
4024 3156 4137 3233 alii

1063 3277 1296 3353 rutilis
1337 3285 1505 3352 sunt
1552 3277 1818 3376 capillis
1839 3336 1858 3366 ,
1911 3277 2234 3376 quamvis
2277 3277 2799 3352 diversitatibus
2842 3277 3033 3354 hisce
3078 3279 3381 3356 subsunt
3426 3277 3769 3378 quaedam
3810 3277 4135 3354 omnibus

1065 3396 1482 3472 communia.
1585 3397 1701 3472 Sic
1773 3404 1848 3472 et
1909 3421 2038 3472 nos
2093 3377 2525 3497 distinguere
2598 3397 2939 3474 debemus
2960 3458 2981 3489 ,
3052 3425 3232 3499 qnae
3296 3398 3594 3499 singulis
3662 3399 3803 3472 sint
3864 3398 4136 3499 propria

1064 3516 1419 3617 gentibus
1523 3517 1664 3592 Sed
1714 3518 1788 3592 in
1833 3517 2022 3592 hisce
2071 3542 2353 3617 quoque
2402 3518 2785 3617 reperimus
2826 3543 3234 3595 communes
3276 3501 3613 3620 quasdam
3648 3517 3879 3593 omnis
3920 3527 4135 3595 struc-

1063 3647 1260 3713 turae
1309 3638 1610 3736 regulas.
1709 3639 1805 3712 Et
1856 3623 2164 3738 profecto
2213 3639 2288 3713 in
2342 3636 2770 3716 medicorum
2824 3647 2973 3714 arte
3026 3665 3146 3730 ea,
3198 3663 3379 3739 quae
3430 3638 3723 3738 singulis
3768 3645 3937 3712 sunt
3982 3661 4132 3738 pro·

1065 3755 1218 3856 pria
1265 3756 1706 3846 hominibus,
1757 3783 1898 3834 non
1948 3765 2272 3858 pugnant
2321 3782 2485 3833 cum
2530 3757 2835 3857 generali
2884 3759 2975 3833 de
3026 3759 3376 3835 humanae
3428 3759 3609 3834 vitae
3652 3765 3813 3832 ortu
3864 3765 3939 3832 et
3980 3781 4133 3858 pro·

1067 3901 1316 3977 gressu
1330 3935 1350 3965 ‚
1400 3903 1612 3976 quam
1659 3879 1794 3954 sibi
1843 3880 2344 3966 informarunt,
2396 3877 2730 3954 doctrina.
2834 3879 3098 3955 Contra
3146 3881 3327 3956 hanc
3374 3879 3635 3967 edocti,
3682 3878 3805 3954 illa
3852 3878 4134 3954 demum

1067 4005 1256 4073 recte
1295 3997 1684 4073 diiudicant
1733 4010 1805 4074 et
1857 4000 2284 4099 intelligunt.
2390 3997 2505 4073 Sic
2552 4006 2623 4072 et
2668 3998 2742 4072 in
2786 4007 3026 4075 nostra
3068 4007 3215 4076 arte
3234 4059 3255 4090 ‚
3318 4023 3482 4076 cum
3530 3997 3835 4098 generali
3878 3997 3997 4072 illa
4048 3995 4133 4072 de

1072 4116 1254 4194 vitae
1320 4117 1540 4193 civilis
1601 4126 1760 4194 ortu
1830 4128 1904 4194 et
1957 4121 2387 4194 incremento
2448 4118 2761 4195 doctrina
2779 4177 2800 4208 ,
2871 4145 3085 4218 quam
3128 4121 3242 4196 ius
3289 4120 3607 4197 naturale
3656 4143 3786 4194 nos
3830 4117 4129 4218 appella·

1071 4262 1274 4327 mus,
1340 4262 1480 4314 non
1543 4245 1823 4314 tantum
1890 4263 2032 4314 non
2095 4247 2419 4340 pugnant
2480 4238 2915 4338 singulorum
2975 4241 3397 4342 populorum
3438 4241 3631 4328 iura,
3680 4239 3806 4313 sed
3852 4238 4005 4313 sine
4052 4261 4131 4314 ea

1075 4356 1245 4436 haec
1291 4371 1478 4434 recte
1527 4357 1827 4461 intelligi
1872 4383 2012 4435 non
2060 4383 2265 4460 posse
2315 4359 2659 4434 videntur.

1177 4479 1362 4554 Sunt
1419 4503 1586 4554 sane
1643 4481 1716 4554 in
1773 4479 1914 4554 vita
1960 4479 2375 4579 populorum
2400 4538 2423 4570 ,
2486 4503 2665 4579 quae
2712 4478 2850 4553 iuri
2894 4489 3293 4582 repugnant
3334 4479 3671 4568 naturali,
3722 4485 3807 4555 ut
3848 4485 4019 4554 sunt
4056 4475 4129 4550 in

1076 4596 1538 4673 animantium
1607 4596 1748 4674 vita
1807 4607 2116 4676 monstra
2133 4658 2156 4689 ‚
2221 4607 2582 4699 portenta,
2654 4598 2823 4675 vitia
2892 4600 3047 4678 alia.
3151 4602 3292 4677 Sed
3351 4610 3425 4677 et
3485 4602 3657 4676 haec
3726 4597 4005 4699 legibus
4062 4601 4131 4671 et

1075 4716 1336 4816 regulis
1391 4717 1815 4818 quibusdam
1873 4719 2358 4822 obtemperant
2414 4721 2917 4797 communibus
2940 4781 2963 4813 ,
3031 4746 3119 4796 ex
3165 4721 3427 4822 quibus
3478 4726 3645 4796 sunt
3688 4715 4130 4794 diiudicanda

1077 4841 1151 4909 et
1191 4837 1570 4914 tractanda.
1669 4839 2020 4916 Feruntur
2061 4839 2273 4915 etiam
2317 4848 2626 4915 monstra
2642 4897 2665 4931 ,
2712 4863 2846 4915 nec
2886 4863 3055 4917 ense
3096 4848 3497 4918 resecantur
3536 4837 3795 4939 gibbae
3813 4896 3836 4928 ,
3888 4855 4127 4937 quam-
