4730 6049
1704 666 2379 737 ·0RA1·10.
2825 682 2830 687 “
3157 672 3166 685 ’
3513 671 3642 739 119

570 898 780 955 usus
842 900 1079 977 neque
1140 898 1417 953 summa
1478 874 1620 953 Dei
1680 874 2049 977 patefactio
2066 934 2089 965 ,
2152 898 2386 975 neque
2443 874 3029 975 perfectissimum
3087 876 3360 953 virtutis
3412 901 3642 953 exem-

570 997 775 1099 plum
836 995 1205 1073 habendus
1264 1002 1409 1085 est;
1480 996 1775 1095 eiusque
1832 996 2147 1072 doctrina
2164 1051 2185 1085 ,
2252 994 2343 1071 ad
2395 995 2815 1095 paucissima
2863 996 3117 1096 placita
3165 1005 3238 1072 et
3279 1005 3648 1099 praecepta

572 1123 929 1208 revocata,
978 1115 1081 1191 ita
1132 1116 1443 1191 construi
1492 1116 1745 1217 poterit
1766 1174 1787 1205 ,
1836 1124 1921 1191 ut
1968 1140 2135 1192 usse
2183 1138 2485 1191 cumam
2537 1114 3096 1191 laudatissimum
3147 1124 3222 1191 et
3269 1118 3645 1193 sacratissi-

574 1260 775 1313 mum
824 1260 1082 1311 nomen
1130 1235 1247 1310 vix
1298 1234 1761 1326 desideretur,
1812 1236 1919 1312 vel
1966 1242 2051 1311 ut
2095 1260 2353 1311 nomen
2401 1258 2768 1311 onerosum
2813 1258 3100 1335 prorsus
3147 1233 3464 1312 abundet
3515 1238 3642 1329 ⁸⁴).

636 1472 815 1549 ·Vix
879 1473 1103 1549 ullum
1158 1479 1307 1549 tam
1366 1496 1648 1549 eoseum
1712 1473 1823 1549 vel
1882 1474 2304 1551 obduratum
2371 1474 2750 1551 Christiani
2799 1474 3102 1553 nominis
3151 1474 3424 1551 hostem
3473 1474 3650 1551 mihi

576 1594 839 1694 fingere
898 1614 1185 1694 possum
1206 1652 1227 1683 ,
1292 1594 1659 1695 perfficata
1718 1595 1943 1671 fronte
2012 1596 2138 1697 qui
2202 1602 2415 1695 neget
2480 1596 2660 1671 hane
2725 1596 3175 1695 religionem,
3244 1594 3516 1670 miseris
3575 1602 3648 1669 et

578 1714 874 1791 infirmis
954 1712 1369 1791 mortalibus
1462 1715 1925 1791 succurrendo
1948 1772 1969 1805 ,
2052 1716 2145 1791 ad
2211 1716 2616 1793 innumeros
2701 1716 2971 1792 animos
3041 1716 3494 1792 consolandos
3575 1722 3649 1791 et

578 1835 1051 1913 emendandos
1106 1834 1247 1911 vim
1300 1859 1503 1911 suam
1556 1835 2255 1912 beneficentissimam
2302 1836 2686 1912 exseruisse
2705 1894 2726 1926 ,
2786 1843 2998 1935 atque
3047 1836 3178 1911 hoe
3230 1836 3510 1911 nomine
3559 1835 3650 1910 de

578 1980 835 2055 genere
882 1954 1191 2032 humano
1234 1980 1387 2032 esse
1440 1954 1979 2034 meritissimam.
2078 1958 2180 2033 At
2230 1956 2502 2046 videte,
2559 1957 2646 2033 A.
2716 1957 2838 2031 A.l
2912 1964 3338 2056 quantopere
3387 1957 3492 2033 vie
3533 1956 3652 2031 illa

580 2076 993 2153 consolatrix
1056 2082 1131 2151 et
1196 2075 1629 2151 emendatrix
1652 2134 1673 2164 ‚
1744 2075 2097 2153 Historioa
2156 2076 2307 2151 eius
2352 2076 2588 2151 indole
2635 2074 2865 2176 spreta
2907 2084 2980 2150 et
3028 2076 3416 2177 vituperata
3433 2136 3454 2166 ‚
3518 2076 3651 2152 im-

578 2196 941 2271 minuatur
1004 2203 1079 2269 et
1144 2195 1615 2271 labefactetur.
1717 2194 1913 2275 Quid
1964 2195 2213 2272 laetius
2276 2196 2384 2271 vel
2424 2197 2658 2296 aptius
2701 2196 2792 2271 ad
2839 2196 3151 2271 animum
3203 2196 3539 2273 afflictum
3583 2206 3656 2272 et

578 2324 1008 2393 moerentem
1058 2315 1557 2392 consolandum
1604 2322 1677 2391 et
1726 2314 2133 2417 erigendum
2190 2316 2572 2416 excogitari
2619 2324 2850 2417 potest
2869 2374 2890 2405 ,
2941 2341 3065 2417 spe
3113 2313 3232 2392 illa
3277 2316 3657 2393 laetissima

578 2462 659 2513 ac
724 2436 1159 2526 firmissima,
1238 2460 1453 2536 quam
1522 2458 1799 2513 paraus
1864 2438 2249 2537 Apostolus
2321 2432 2597 2514 εἋπιθα
2665 2443 2933 2529 ζῶσαν
2991 2436 3220 2526 dixit,
3293 2438 3658 2538 splendido

579 2581 749 2634 usu
796 2558 889 2633 de
937 2565 1159 2631 morte
1202 2556 1557 2657 triumpho
1608 2558 1824 2633 veluti
1876 2558 2117 2633 divino
2164 2558 2394 2657 sigillo
2437 2558 2912 2633 confirmatam
2957 2563 3030 2631 et
3069 2555 3509 2656 obsignatam
3532 2558 3656 2656 ⁸⁶),

582 2700 763 2778 quae
806 2702 937 2753 noa
986 2677 1303 2753 omnium
1352 2678 1783 2753 terrestrium
1829 2702 2315 2754 aerumnarum
2340 2736 2361 2767 ‚
2431 2676 2904 2753 calamitatum
2927 2732 2950 2763 ,
3017 2675 3267 2751 mundi
3312 2677 3532 2775 ipsius
3577 2702 3658 2751 ac

580 2798 827 2875 mortis
890 2797 1180 2873 victores
1243 2798 1516 2887 reddit,
1584 2798 1969 2875 dummodo
2035 2799 2111 2873 in
2176 2820 2345 2873 raso
2407 2797 2652 2873 mortis
2713 2780 2968 2871 viatore
3017 2819 3295 2899 omnem
3348 2804 3660 2873 nostram

582 2940 779 3017 spem
850 2918 1323 3019 fiduciamque
1390 2942 1805 3020 reponamus
1826 2921 1862 2994 P
1983 2918 2197 2998 Quod
2272 2942 2412 2993 non
2480 2918 2579 2993 ita
2597 2976 2618 3007 ‚
2694 2932 2954 3016 quaeso
2974 2974 2995 3004 ,
3067 2915 3655 3015 interpretemini,

584 3040 785 3140 quasi
841 3039 995 3139 ipsa
1054 3039 1539 3116 immortalitas
1600 3041 1709 3116 vel
1768 3039 2305 3116 immortalitatis
2381 3063 2540 3140 spes
2559 3097 2580 3128 ,
2647 3059 2688 3112 e
2733 3061 2890 3112 mea
2950 3036 3294 3112 sententia
3312 3093 3332 3126 ‚
3399 3055 3440 3110 e
3491 3059 3658 3113 mse

586 3161 1082 3236 resurreetione
1144 3161 1348 3236 unice
1410 3151 1751 3261 pendeat,
1820 3185 1901 3237 ae
1954 3159 2219 3236 nemini
2261 3159 2528 3260 absque
2571 3158 2690 3234 illa
2741 3157 2882 3232 fide
2927 3157 3018 3231 de
3058 3158 3273 3232 altera
3319 3157 3458 3232 vita
3505 3175 3659 3257 per·-

588 3303 875 3356 suasum
936 3305 1093 3370 esse
1134 3305 1337 3380 posse
1356 3339 1377 3369 ‚
1443 3279 1753 3356 arbitrer.
1856 3282 2072 3361 Quod
2124 3282 2187 3356 si
2234 3287 2610 3358 statuerem
2633 3338 2654 3370 ‚
2723 3277 3186 3376 experientiae
3237 3277 3659 3354 contradice-

585 3423 773 3492 rem,
836 3425 918 3476 ac
967 3423 1257 3490 runnu,
1320 3419 1672 3491 carolus,
1722 3421 2071 3477 secamus
2125 3409 2200 3476 et
2249 3420 2610 3478 rnaroms
2665 3422 2906 3474 manes
2959 3397 3134 3472 mihi
3180 3398 3659 3485 irascerentur,

585 3521 719 3596 Per
762 3519 1001 3598 omnia
1040 3521 1185 3596 fere
1230 3529 1545 3622 tempora
1592 3523 2061 3623 generosiores
2108 3524 2382 3600 animos
2429 3543 2682 3620 pronos
2730 3519 3049 3594 videmus
3093 3517 3184 3593 ad
3231 3539 3426 3616 spem
3468 3518 3660 3592 illam

590 3642 804 3719 veluti
860 3641 1204 3718 ambabus
1266 3641 1592 3718 manibus
1638 3638 2099 3742 arripiendam
2119 3701 2139 3732 ‚
2205 3643 2571 3718 fovendam
2596 3699 2617 3730 ‚
2681 3637 3056 3715 tenendam
3077 3695 3098 3726 ‚
3166 3637 3452 3736 voeique
3498 3661 3658 3713 aus-

592 3763 999 3839 cultandum
1019 3820 1039 3851 ,
1104 3787 1283 3861 quae
1346 3762 1420 3836 in
1488 3761 1737 3838 intimo
1802 3771 2039 3838 nostro
2100 3769 2382 3864 'pectore
2449 3762 2666 3836 vitam
2707 3767 2866 3860 post
2921 3766 3216 3833 mortem
3269 3758 3660 3860 praesagire

592 3883 883 3959 videtur.
1004 3882 1146 3956 Sed
1210 3882 1425 3958 etiam
1489 3882 1665 3957 alios
1733 3891 1805 3957 et
1864 3883 2071 3982 longe
2125 3883 2358 3982 plures
2409 3881 2725 3956 videmus
2743 3937 2764 3969 ,
2837 3879 2961 3979 qui
3007 3903 3130 3978 spe
3171 3878 3290 3954 illa
3337 3887 3658 3968 careant,

592 4003 701 4078 vel
754 4025 881 4102 spe
924 4025 1007 4078 ae
1058 4011 1293 4092 metu,
1324 4079 1333 4088 ,
1363 4003 1559 4080 navis
1617 4000 1837 4078 instar
1886 4003 2181 4078 iactatae
2228 4009 2301 4077 et
2352 4009 2720 4100 quassatae
2767 3999 3018 4074 mediis
3063 4000 3136 4074 in
3188 3998 3398 4075 undis
3417 4058 3438 4088 ,
3487 4001 3659 4075 flue-

592 4129 903 4198 tuentur*
984 4123 1134 4198 Nec
1175 4131 1410 4198 tamen
1452 4123 1581 4198 hos
1620 4145 1863 4200 omnes
1881 4181 1902 4211 ,
1952 4128 2299 4222 quotquot
2348 4122 2500 4196 voci
2543 4119 2647 4195 illi
2691 4119 2949 4218 quippe
2989 4117 3218 4194 fallaci
3255 4121 3360 4195 vel
3402 4120 3658 4196 dubiae

594 4243 983 4318 auscultare
1020 4249 1341 4317 recusent
1386 4249 1639 4336 (unum
1676 4267 1717 4318 e
1752 4242 1995 4318 multis
2038 4261 2816 4316 sonnnrnmaennaom
2857 4239 3088 4338 cogito
3107 4239 3206 4346 3⁶)
3263 4241 3658 4338 sapientum

594 4363 877 4438 nomine
934 4362 1263 4462 indignos
1324 4362 1433 4438 v'el
1500 4363 1751 4462 impios
1803 4370 1876 4437 et
1948 4362 2363 4462 irreligiosos
2411 4357 2727 4436 dixerim.
2835 4358 3034 4438 Quid
3080 4357 3658 4456 Philosophorum

599 4492 909 4560 veterum
956 4491 1029 4558 et
1074 4481 1533 4560 recentiorum
1580 4483 1955 4558 discordias
1998 4491 2071 4556 et
2107 4482 2323 4557 dubia
2342 4483 2378 4556 P
2427 4480 2599 4581 quid
2641 4479 3090 4578 Physiearum
3137 4477 3657 4576 disciplinarum

598 4595 803 4678 effata
817 4605 853 4676 Ρ
920 4602 1094 4703 quid
1159 4601 1507 4691 sinistros,
1578 4600 1837 4700 quibus
1887 4598 2228 4680 Materiali
2236 4621 2429 4675 smus
2478 4621 2552 4674 se
2606 4597 2802 4674 effert
2822 4655 2844 4687 ‚
2911 4618 3313 4697 progressus
3354 4619 3655 4670 comme-

601 4743 863 4800 morem
884 4724 921 4796 P
1036 4723 1301 4816 Nonne·
1356 4722 1527 4798 haee
1578 4719 1747 4796 satis
1795 4742 2143 4820 superque
2189 4719 2700 4806 demonstrant,
2769 4738 2980 4815 quam
3032 4713 3214 4788 varie
3261 4739 3341 4788 ae
3385 4714 3652 4818 diverse

606 4860 859 4944 magno
918 4864 1083 4915 cum
1146 4847 1717 4940 argumentorum
1785 4846 2123 4939 apparatu
2182 4836 2257 4913 in
2328 4843 2696 4936 utramque
2756 4843 3026 4933 partem
3089 4832 3430 4934 disputari
3499 4857 3654 4934 pos-

490 3967 541 4008 §-
