4730 6049
1551 1124 2094 1221 NUMERIJS
2173 1124 2965 1225 STUDIOSORUM

1179 1402 1298 1484 IN
1355 1402 1984 1485 ACADEMIA
2051 1402 3319 1488 RHENo-TRAIEC'HNA

1359 1632 1495 1697 Dm
1536 1635 1736 1697 XXXI
1775 1636 1861 1699 M.
1902 1634 2356 1699 DECEMBRIS
2396 1636 2605 1699 ANNI
2644 1634 3159 1701 mmocccmx.

1263 2184 1342 2257 In
1399 2182 1766 2263 Facultate
1812 2186 2232 2287 Theologiea
2305 2240 3063 2265 ...........
3114 2188 3284 2263 206.

1289 2332 1326 2374 n
1531 2332 1572 2377 u
1817 2308 2122 2384 Iuridica
2161 2362 3061 2385 .............
3116 2309 3283 2385 176.

1287 2452 1328 2497 u
1531 2454 1571 2497 n
1817 2426 2000 2503 Phil.
2053 2426 2302 2503 Theor.
2351 2433 2427 2501 et
2470 2424 2641 2503 Litt.
2696 2424 2919 2502 Hum.
2956 2484 2974 2503 .
3026 2484 3047 2505 .
3170 2428 3287 2503 10.

1275 2571 1316 2616 u
1521 2572 1562 2617 u
1807 2548 2090 2625 Medica
2148 2607 2167 2625 .
2223 2607 2240 2625 .
2297 2606 2316 2623 .
2371 2603 2390 2624 .
2416 2626 2445 2653 ι
2446 2602 3065 2625 .........
3166 2548 3286 2623 65.

1534 2695 1574 2738 n
1821 2668 2054 2745 Math.
2103 2676 2177 2745 et
2224 2666 2408 2744 Phil.
2458 2666 2606 2744 Nat
2610 2722 3067 2745 .......
3174 2670 3291 2741 11.

3124 2836 3297 2913 468.

827 3075 1198 3151 Praeterea
1260 3077 1335 3153 in
1408 3077 1678 3154 Album
1751 3079 2259 3156 Academicum
2335 3077 2623 3154 nomina
2700 3077 3187 3154 Studiosorum
3207 3135 3228 3167 ‚
3294 3076 3369 3152 in
3426 3073 3808 3152 Athenaeis

719 3195 994 3275 studiis
1045 3219 1324 3296 operam
1372 3199 1778 3275 navantium
1799 3259 1820 3290 ,
1869 3200 2086 3277 relata
2135 3207 2301 3275 sunt
2319 3258 2341 3291 ‚
2391 3223 2475 3274 eo
2528 3205 2807 3274 tantum
2856 3197 3141 3275 consilio
3164 3257 3186 3290 ‚
3238 3205 3319 3274 ut
3368 3195 3481 3273 hic
3528 3195 3808 3298 publice

713 3340 1146 3421 progressus
1192 3319 1490 3418 probent
1541 3327 1614 3395 et
1661 3321 1998 3396 Doctores
2047 3327 2369 3398 creentur
2384 3379 2405 3410 ,
2457 3343 2758 3419 quorum

1277 3559 1360 3635 In
1403 3559 1768 3638 Facultate
1814 3559 2231 3660 'theologica
2313 3615 2997 3638 ..........
3050 3585 3075 3638 ῑ
3176 3560 3293 3633 10.

1549 3709 1589 3752 n
1827 3679 2139 3756 Iuridica
2171 3735 3073 3759 .............
3172 3681 3291 3754 22.

1305 3828 1342 3870 n
1545 3829 1582 3871 n
1828 3800 2010 3876 Phil.
2062 3801 2308 3878 Theor.
2360 3807 2435 3876 et
2480 3799 2652 3877 Litt.
2704 3797 2927 3878 Hum.
2976 3854 2999 3877 0
3052 3855 3073 3876 .
3222 3801 3296 3876 4.

1304 3948 1344 3991 n
1552 3949 1591 3990 n
1823 3920 2104 3997 Medica
2173 3977 2191 3996 .
2257 3975 3079 3999 ............
3225 3921 3293 3996 3.

1299 4067 1339 4110 n
1545 4067 1585 4110 n
1829 4039 2056 4118 Math.
2103 4047 2178 4114 et
2221 4040 2405 4119 Phil.
2452 4041 2620 4118 Nat.
2692 4098 2711 4118 .
2761 4096 2785 4120 .
2834 4095 2856 4121 .
2909 4097 2931 4120 .
2982 4061 3007 4120 2
3057 4096 3080 4119 .
3228 4041 3297 4116 3·

3180 4211 3303 4287 42.
