<?xml version="1.0" encoding="UTF-8"?>
<!DOCTYPE html PUBLIC "-//W3C//DTD XHTML 1.0 Transitional//EN"
    "http://www.w3.org/TR/xhtml1/DTD/xhtml1-transitional.dtd">
<html xmlns="http://www.w3.org/1999/xhtml" xml:lang="en" lang="en">
 <head>
  <title>
</title>
<meta http-equiv="Content-Type" content="text/html;charset=utf-8" />
  <meta name='ocr-system' content='tesseract 3.04.00' />
  <meta name='ocr-capabilities' content='ocr_page ocr_carea ocr_par ocr_line ocrx_word'/>
</head>
<body>
  <div class='ocr_page' id='page_1' title='image "annalesacademic01confgoog_0343.png"; bbox 0 0 4730 6049; ppageno 0'>
   <div class='ocr_carea' id='block_1_1' title="bbox 1886 656 3700 730">
    <p class='ocr_par' dir='ltr' id='par_1_1' title="bbox 1886 656 3700 730">
     <span class='ocr_line' id='line_1_1' title="bbox 1886 656 3700 730; baseline 0.003 -5"><span class='ocrx_word' id='word_1_1' title='bbox 1886 656 2455 730; x_wconf 79' lang='lat' dir='ltr'><strong>ORATIO.</strong></span> <span class='ocrx_word' id='word_1_2' title='bbox 3567 660 3700 730; x_wconf 87' lang='grc'><strong>333</strong></span> 
     </span>
    </p>
   </div>
   <div class='ocr_carea' id='block_1_2' title="bbox 631 867 3722 3969">
    <p class='ocr_par' dir='ltr' id='par_1_2' title="bbox 640 867 3704 1690">
     <span class='ocr_line' id='line_1_2' title="bbox 642 867 3699 969; baseline 0.001 -27"><span class='ocrx_word' id='word_1_3' title='bbox 642 867 877 942; x_wconf 82' lang='lat' dir='ltr'><strong>teritas</strong></span> <span class='ocrx_word' id='word_1_4' title='bbox 944 867 1226 943; x_wconf 87' lang='lat' dir='ltr'><strong>latuerit</strong></span> <span class='ocrx_word' id='word_1_5' title='bbox 1284 874 1545 944; x_wconf 86' lang='lat' dir='ltr'><strong>aetates</strong></span> <span class='ocrx_word' id='word_1_6' title='bbox 1565 924 1585 957; x_wconf 96' lang='lat'><strong>,</strong></span> <span class='ocrx_word' id='word_1_7' title='bbox 1650 893 1947 968; x_wconf 90' lang='lat' dir='ltr'><strong>sequens</strong></span> <span class='ocrx_word' id='word_1_8' title='bbox 2013 869 2302 945; x_wconf 87' lang='lat' dir='ltr'><strong>fortasse</strong></span> <span class='ocrx_word' id='word_1_9' title='bbox 2360 868 2736 969; x_wconf 81' lang='lat' dir='ltr'><strong>explicabit</strong></span> <span class='ocrx_word' id='word_1_10' title='bbox 2795 877 2870 944; x_wconf 94' lang='lat' dir='ltr'><strong>et</strong></span> <span class='ocrx_word' id='word_1_11' title='bbox 2918 868 3295 945; x_wconf 80' lang='lat' dir='ltr'><strong>illustrabit</strong></span> <span class='ocrx_word' id='word_1_12' title='bbox 3345 877 3536 946; x_wconf 89' lang='lat' dir='ltr'><strong>aetas</strong></span> <span class='ocrx_word' id='word_1_13' title='bbox 3555 927 3576 958; x_wconf 95' lang='lat'><strong>,</strong></span> <span class='ocrx_word' id='word_1_14' title='bbox 3626 878 3699 945; x_wconf 92' lang='lat' dir='ltr'><strong>et</strong></span> 
     </span>
     <span class='ocr_line' id='line_1_3' title="bbox 640 971 3696 1096; baseline 0 -32"><span class='ocrx_word' id='word_1_15' title='bbox 640 989 777 1088; x_wconf 87' lang='lat' dir='ltr'><strong>ipsi</strong></span> <span class='ocrx_word' id='word_1_16' title='bbox 846 987 1237 1089; x_wconf 79' lang='lat' dir='ltr'><strong>ignorantia</strong></span> <span class='ocrx_word' id='word_1_17' title='bbox 1308 1011 1449 1062; x_wconf 89' lang='lat' dir='ltr'><strong>non</strong></span> <span class='ocrx_word' id='word_1_18' title='bbox 1520 971 1821 1096; x_wconf 74' lang='lat' dir='ltr'><strong>amplius</strong></span> <span class='ocrx_word' id='word_1_19' title='bbox 1890 989 2023 1066; x_wconf 91' lang='lat' dir='ltr'><strong>erit</strong></span> <span class='ocrx_word' id='word_1_20' title='bbox 2094 990 2488 1066; x_wconf 85' lang='lat' dir='ltr'><strong>confitenda</strong></span> <span class='ocrx_word' id='word_1_21' title='bbox 2559 1015 2704 1066; x_wconf 90' lang='lat' dir='ltr'><strong>sua.</strong></span> <span class='ocrx_word' id='word_1_22' title='bbox 2807 988 3264 1066; x_wconf 79' lang='lat' dir='ltr'>cohaerentia</span> <span class='ocrx_word' id='word_1_23' title='bbox 3333 997 3574 1066; x_wconf 86' lang='lat' dir='ltr'><strong>autem</strong></span> <span class='ocrx_word' id='word_1_24' title='bbox 3623 997 3696 1064; x_wconf 90' lang='lat' dir='ltr'><strong>et</strong></span> 
     </span>
     <span class='ocr_line' id='line_1_4' title="bbox 642 1105 3698 1210; baseline 0.002 -27"><span class='ocrx_word' id='word_1_25' title='bbox 642 1107 1065 1184; x_wconf 79' lang='lat' dir='ltr'><strong>connexione</strong></span> <span class='ocrx_word' id='word_1_26' title='bbox 1134 1109 1268 1182; x_wconf 89' lang='lat' dir='ltr'><strong>ista</strong></span> <span class='ocrx_word' id='word_1_27' title='bbox 1340 1105 1522 1181; x_wconf 89' lang='lat' dir='ltr'><strong>bene</strong></span> <span class='ocrx_word' id='word_1_28' title='bbox 1574 1107 1913 1205; x_wconf 79' lang='lat' dir='ltr'><strong>explicata</strong></span> <span class='ocrx_word' id='word_1_29' title='bbox 1970 1117 2043 1182; x_wconf 93' lang='lat' dir='ltr'><strong>et</strong></span> <span class='ocrx_word' id='word_1_30' title='bbox 2117 1115 2473 1208; x_wconf 89' lang='lat' dir='ltr'><strong>perspecta</strong></span> <span class='ocrx_word' id='word_1_31' title='bbox 2493 1167 2514 1198; x_wconf 91' lang='lat'><strong>,</strong></span> <span class='ocrx_word' id='word_1_32' title='bbox 2581 1111 3022 1210; x_wconf 81' lang='lat' dir='ltr'><strong>quaestiones</strong></span> <span class='ocrx_word' id='word_1_33' title='bbox 3078 1119 3150 1185; x_wconf 92' lang='lat' dir='ltr'><strong>et</strong></span> <span class='ocrx_word' id='word_1_34' title='bbox 3197 1110 3698 1188; x_wconf 87' lang='lat' dir='ltr'><strong>controversiae</strong></span> 
     </span>
     <span class='ocr_line' id='line_1_5' title="bbox 644 1227 3700 1328; baseline 0 -24"><span class='ocrx_word' id='word_1_35' title='bbox 644 1230 733 1304; x_wconf 92' lang='lat' dir='ltr'><strong>de</strong></span> <span class='ocrx_word' id='word_1_36' title='bbox 792 1229 1157 1304; x_wconf 87' lang='lat' dir='ltr'><strong>fictionum</strong></span> <span class='ocrx_word' id='word_1_37' title='bbox 1212 1227 1487 1302; x_wconf 86' lang='lat' dir='ltr'><strong>ambitu</strong></span> <span class='ocrx_word' id='word_1_38' title='bbox 1540 1235 1613 1300; x_wconf 88' lang='lat' dir='ltr'><strong>et</strong></span> <span class='ocrx_word' id='word_1_39' title='bbox 1660 1227 1919 1304; x_wconf 89' lang='lat' dir='ltr'><strong>finibus</strong></span> <span class='ocrx_word' id='word_1_40' title='bbox 1974 1238 2219 1328; x_wconf 88' lang='lat' dir='ltr'><strong>sponte</strong></span> <span class='ocrx_word' id='word_1_41' title='bbox 2269 1230 2629 1305; x_wconf 89' lang='lat' dir='ltr'><strong>tolluntur.</strong></span> <span class='ocrx_word' id='word_1_42' title='bbox 2733 1231 2846 1306; x_wconf 90' lang='lat' dir='ltr'><strong>Sic</strong></span> <span class='ocrx_word' id='word_1_43' title='bbox 2895 1229 3152 1306; x_wconf 91' lang='lat' dir='ltr'><strong>nostris</strong></span> <span class='ocrx_word' id='word_1_44' title='bbox 3211 1230 3499 1321; x_wconf 90' lang='lat' dir='ltr'><strong>diebus,</strong></span> <span class='ocrx_word' id='word_1_45' title='bbox 3551 1256 3700 1306; x_wconf 89' lang='lat' dir='ltr'><strong>om·</strong></span> 
     </span>
     <span class='ocr_line' id='line_1_6' title="bbox 646 1349 3702 1447; baseline 0 -23"><span class='ocrx_word' id='word_1_46' title='bbox 646 1349 855 1424; x_wconf 89' lang='lat' dir='ltr'><strong>nibus</strong></span> <span class='ocrx_word' id='word_1_47' title='bbox 907 1350 1049 1424; x_wconf 90' lang='lat' dir='ltr'><strong>iam</strong></span> <span class='ocrx_word' id='word_1_48' title='bbox 1094 1349 1455 1447; x_wconf 63' lang='lat' dir='ltr'><strong>explicatis</strong></span> <span class='ocrx_word' id='word_1_49' title='bbox 1472 1407 1493 1436; x_wconf 91' lang='lat'><strong>,</strong></span> <span class='ocrx_word' id='word_1_50' title='bbox 1545 1349 1943 1424; x_wconf 88' lang='lat' dir='ltr'><strong>ceciderunt</strong></span> <span class='ocrx_word' id='word_1_51' title='bbox 1988 1351 2302 1426; x_wconf 89' lang='lat' dir='ltr'><strong>fictiones</strong></span> <span class='ocrx_word' id='word_1_52' title='bbox 2356 1351 2444 1424; x_wconf 91' lang='lat' dir='ltr'><strong>de</strong></span> <span class='ocrx_word' id='word_1_53' title='bbox 2491 1350 2894 1425; x_wconf 88' lang='lat' dir='ltr'><strong>hereditatis</strong></span> <span class='ocrx_word' id='word_1_54' title='bbox 2939 1350 3276 1426; x_wconf 85' lang='lat' dir='ltr'><strong>divisione</strong></span> <span class='ocrx_word' id='word_1_55' title='bbox 3294 1409 3315 1440; x_wconf 92' lang='lat'><strong>,</strong></span> <span class='ocrx_word' id='word_1_56' title='bbox 3371 1352 3460 1426; x_wconf 93' lang='lat' dir='ltr'><strong>de</strong></span> <span class='ocrx_word' id='word_1_57' title='bbox 3507 1353 3702 1427; x_wconf 88' lang='lat' dir='ltr'><strong>here-</strong></span> 
     </span>
     <span class='ocr_line' id='line_1_7' title="bbox 648 1468 3704 1569; baseline 0 -25"><span class='ocrx_word' id='word_1_58' title='bbox 648 1469 867 1546; x_wconf 85' lang='lat' dir='ltr'><strong>ditate</strong></span> <span class='ocrx_word' id='word_1_59' title='bbox 934 1469 1199 1545; x_wconf 91' lang='lat' dir='ltr'><strong>iacente</strong></span> <span class='ocrx_word' id='word_1_60' title='bbox 1224 1527 1245 1557; x_wconf 90' lang='lat'><strong>,</strong></span> <span class='ocrx_word' id='word_1_61' title='bbox 1309 1469 1399 1543; x_wconf 90' lang='lat' dir='ltr'><strong>de</strong></span> <span class='ocrx_word' id='word_1_62' title='bbox 1457 1493 1748 1567; x_wconf 88' lang='lat' dir='ltr'><strong>persona</strong></span> <span class='ocrx_word' id='word_1_63' title='bbox 1807 1468 2088 1556; x_wconf 88' lang='lat' dir='ltr'><strong>morali,</strong></span> <span class='ocrx_word' id='word_1_64' title='bbox 2156 1468 2245 1544; x_wconf 92' lang='lat' dir='ltr'><strong>de</strong></span> <span class='ocrx_word' id='word_1_65' title='bbox 2295 1468 2628 1544; x_wconf 87' lang='lat' dir='ltr'><strong>mandato</strong></span> <span class='ocrx_word' id='word_1_66' title='bbox 2677 1470 2768 1543; x_wconf 89' lang='lat' dir='ltr'><strong>ad</strong></span> <span class='ocrx_word' id='word_1_67' title='bbox 2815 1471 3363 1569; x_wconf 79' lang='lat' dir='ltr'><strong>perpetuandam</strong></span> <span class='ocrx_word' id='word_1_68' title='bbox 3417 1494 3556 1544; x_wconf 90' lang='lat' dir='ltr'><strong>non</strong></span> <span class='ocrx_word' id='word_1_69' title='bbox 3612 1468 3704 1544; x_wconf 92' lang='lat' dir='ltr'><strong>ad</strong></span> 
     </span>
     <span class='ocr_line' id='line_1_8' title="bbox 646 1589 3265 1690; baseline -0.001 -24"><span class='ocrx_word' id='word_1_70' title='bbox 646 1590 1043 1690; x_wconf 86' lang='lat' dir='ltr'><strong>augendam</strong></span> <span class='ocrx_word' id='word_1_71' title='bbox 1082 1589 1577 1689; x_wconf 82' lang='lat' dir='ltr'><strong>obligationem</strong></span> <span class='ocrx_word' id='word_1_72' title='bbox 1627 1589 1807 1665; x_wconf 89' lang='lat' dir='ltr'><strong>inter</strong></span> <span class='ocrx_word' id='word_1_73' title='bbox 1854 1613 2123 1666; x_wconf 89' lang='lat' dir='ltr'><strong>correos</strong></span> <span class='ocrx_word' id='word_1_74' title='bbox 2171 1596 2523 1668; x_wconf 86' lang='lat' dir='ltr'><strong>contracto</strong></span> <span class='ocrx_word' id='word_1_75' title='bbox 2541 1647 2562 1678; x_wconf 95' lang='lat'><strong>,</strong></span> <span class='ocrx_word' id='word_1_76' title='bbox 2613 1589 3016 1688; x_wconf 83' lang='lat' dir='ltr'><strong>multaeque</strong></span> <span class='ocrx_word' id='word_1_77' title='bbox 3070 1589 3265 1664; x_wconf 89' lang='lat' dir='ltr'><strong>aliae.</strong></span> 
     </span>
    </p>

    <p class='ocr_par' dir='ltr' id='par_1_3' title="bbox 631 1709 3720 3010">
     <span class='ocr_line' id='line_1_9' title="bbox 742 1709 3706 1809; baseline -0 -24"><span class='ocrx_word' id='word_1_78' title='bbox 742 1711 953 1788; x_wconf 88' lang='lat' dir='ltr'><strong>Hanc</strong></span> <span class='ocrx_word' id='word_1_79' title='bbox 1006 1734 1221 1809; x_wconf 87' lang='lat' dir='ltr'><strong>quam</strong></span> <span class='ocrx_word' id='word_1_80' title='bbox 1272 1709 1753 1785; x_wconf 82' lang='lat' dir='ltr'><strong>commendavi</strong></span> <span class='ocrx_word' id='word_1_81' title='bbox 1812 1709 2332 1809; x_wconf 82' lang='lat' dir='ltr'><strong>indagationem</strong></span> <span class='ocrx_word' id='word_1_82' title='bbox 2387 1717 2459 1783; x_wconf 92' lang='lat' dir='ltr'><strong>et</strong></span> <span class='ocrx_word' id='word_1_83' title='bbox 2511 1709 3054 1808; x_wconf 78' lang='lat' dir='ltr'><strong>expositionem,</strong></span> <span class='ocrx_word' id='word_1_84' title='bbox 3122 1717 3334 1809; x_wconf 87' lang='lat' dir='ltr'><strong>quam</strong></span> <span class='ocrx_word' id='word_1_85' title='bbox 3389 1730 3706 1784; x_wconf 71' lang='lat' dir='ltr'><strong>maruno</strong></span> 
     </span>
     <span class='ocr_line' id='line_1_10' title="bbox 650 1829 3706 1928; baseline -0 -23"><span class='ocrx_word' id='word_1_86' title='bbox 650 1830 979 1906; x_wconf 91' lang='lat' dir='ltr'><strong>altiorem</strong></span> <span class='ocrx_word' id='word_1_87' title='bbox 1034 1838 1109 1906; x_wconf 90' lang='lat' dir='ltr'><strong>et</strong></span> <span class='ocrx_word' id='word_1_88' title='bbox 1128 1830 1575 1906; x_wconf 84' lang='lat' dir='ltr'><strong>excelsiorem</strong></span> <span class='ocrx_word' id='word_1_89' title='bbox 1626 1829 1892 1904; x_wconf 88' lang='lat' dir='ltr'><strong>vocavit</strong></span> <span class='ocrx_word' id='word_1_90' title='bbox 1940 1829 2573 1928; x_wconf 88' lang='lat' dir='ltr'><strong>Iurisprudentiam</strong></span> <span class='ocrx_word' id='word_1_91' title='bbox 2591 1889 2613 1918; x_wconf 92' lang='lat'><strong>,</strong></span> <span class='ocrx_word' id='word_1_92' title='bbox 2662 1830 2755 1905; x_wconf 89' lang='lat' dir='ltr'><strong>ad</strong></span> <span class='ocrx_word' id='word_1_93' title='bbox 2805 1830 2976 1904; x_wconf 85' lang='lat' dir='ltr'><strong>iuris</strong></span> <span class='ocrx_word' id='word_1_94' title='bbox 3026 1829 3360 1904; x_wconf 88' lang='lat' dir='ltr'><strong>naturalis</strong></span> <span class='ocrx_word' id='word_1_95' title='bbox 3409 1829 3706 1904; x_wconf 86' lang='lat' dir='ltr'><strong>referen-</strong></span> 
     </span>
     <span class='ocr_line' id='line_1_11' title="bbox 650 1949 3707 2050; baseline -0 -26"><span class='ocrx_word' id='word_1_96' title='bbox 650 1949 811 2024; x_wconf 87' lang='lat' dir='ltr'><strong>dam</strong></span> <span class='ocrx_word' id='word_1_97' title='bbox 862 1974 1013 2026; x_wconf 88' lang='lat' dir='ltr'><strong>esse</strong></span> <span class='ocrx_word' id='word_1_98' title='bbox 1066 1949 1449 2026; x_wconf 79' lang='lat' dir='ltr'><strong>doctrinam</strong></span> <span class='ocrx_word' id='word_1_99' title='bbox 1508 1957 1755 2048; x_wconf 88' lang='lat' dir='ltr'><strong>sponte</strong></span> <span class='ocrx_word' id='word_1_100' title='bbox 1806 1956 2017 2050; x_wconf 87' lang='lat' dir='ltr'><strong>patet.</strong></span> <span class='ocrx_word' id='word_1_101' title='bbox 2118 1953 2229 2026; x_wconf 80' lang='lat' dir='ltr'><strong>Ex</strong></span> <span class='ocrx_word' id='word_1_102' title='bbox 2267 1975 2500 2026; x_wconf 88' lang='lat' dir='ltr'><strong>rerum</strong></span> <span class='ocrx_word' id='word_1_103' title='bbox 2543 1949 2734 2024; x_wconf 91' lang='lat' dir='ltr'><strong>enim</strong></span> <span class='ocrx_word' id='word_1_104' title='bbox 2777 1963 2850 2024; x_wconf 89' lang='lat' dir='ltr'><strong>et</strong></span> <span class='ocrx_word' id='word_1_105' title='bbox 2891 1949 3069 2024; x_wconf 90' lang='lat' dir='ltr'><strong>vitae</strong></span> <span class='ocrx_word' id='word_1_106' title='bbox 3113 1949 3707 2026; x_wconf 83' lang='lat' dir='ltr'><strong>necessitudinum</strong></span> 
     </span>
     <span class='ocr_line' id='line_1_12' title="bbox 648 2069 3714 2150; baseline -0 -6"><span class='ocrx_word' id='word_1_107' title='bbox 648 2079 899 2145; x_wconf 89' lang='lat' dir='ltr'><strong>natura</strong></span> <span class='ocrx_word' id='word_1_108' title='bbox 972 2070 1371 2146; x_wconf 85' lang='lat' dir='ltr'><strong>derivantur</strong></span> <span class='ocrx_word' id='word_1_109' title='bbox 1432 2079 1505 2146; x_wconf 90' lang='lat' dir='ltr'><strong>et</strong></span> <span class='ocrx_word' id='word_1_110' title='bbox 1566 2069 2012 2146; x_wconf 88' lang='lat' dir='ltr'><strong>deducuntur</strong></span> <span class='ocrx_word' id='word_1_111' title='bbox 2074 2071 2325 2150; x_wconf 87' lang='lat' dir='ltr'><strong>omnia.</strong></span> <span class='ocrx_word' id='word_1_112' title='bbox 2435 2071 2530 2145; x_wconf 87' lang='lat' dir='ltr'><strong>Et</strong></span> <span class='ocrx_word' id='word_1_113' title='bbox 2574 2069 3122 2146; x_wconf 86' lang='lat' dir='ltr'><strong>necessitudines</strong></span> <span class='ocrx_word' id='word_1_114' title='bbox 3171 2069 3328 2144; x_wconf 90' lang='lat' dir='ltr'><strong>illae</strong></span> <span class='ocrx_word' id='word_1_115' title='bbox 3373 2093 3596 2144; x_wconf 83' lang='lat' dir='ltr'><strong>novae</strong></span> <span class='ocrx_word' id='word_1_116' title='bbox 3642 2075 3714 2143; x_wconf 88' lang='lat' dir='ltr'><strong>et</strong></span> 
     </span>
     <span class='ocr_line' id='line_1_13' title="bbox 648 2188 3712 2290; baseline -0.001 -24"><span class='ocrx_word' id='word_1_117' title='bbox 648 2197 961 2274; x_wconf 80' lang='lat' dir='ltr'><strong>mutatae</strong></span> <span class='ocrx_word' id='word_1_118' title='bbox 1018 2215 1157 2265; x_wconf 89' lang='lat' dir='ltr'><strong>non</strong></span> <span class='ocrx_word' id='word_1_119' title='bbox 1214 2191 1357 2265; x_wconf 90' lang='lat' dir='ltr'><strong>fere</strong></span> <span class='ocrx_word' id='word_1_120' title='bbox 1410 2191 1533 2265; x_wconf 92' lang='lat' dir='ltr'><strong>uni</strong></span> <span class='ocrx_word' id='word_1_121' title='bbox 1583 2191 1779 2290; x_wconf 89' lang='lat' dir='ltr'><strong>genti</strong></span> <span class='ocrx_word' id='word_1_122' title='bbox 1828 2190 2143 2290; x_wconf 90' lang='lat' dir='ltr'><strong>propriae</strong></span> <span class='ocrx_word' id='word_1_123' title='bbox 2188 2200 2355 2268; x_wconf 89' lang='lat' dir='ltr'><strong>sunt</strong></span> <span class='ocrx_word' id='word_1_124' title='bbox 2373 2249 2394 2282; x_wconf 90' lang='lat'><strong>,</strong></span> <span class='ocrx_word' id='word_1_125' title='bbox 2447 2190 2573 2267; x_wconf 90' lang='lat' dir='ltr'><strong>sed</strong></span> <span class='ocrx_word' id='word_1_126' title='bbox 2620 2188 3090 2290; x_wconf 85' lang='lat' dir='ltr'><strong>progredienti</strong></span> <span class='ocrx_word' id='word_1_127' title='bbox 3140 2189 3484 2264; x_wconf 90' lang='lat' dir='ltr'><strong>debentur</strong></span> <span class='ocrx_word' id='word_1_128' title='bbox 3534 2189 3712 2264; x_wconf 86' lang='lat' dir='ltr'><strong>vitae</strong></span> 
     </span>
     <span class='ocr_line' id='line_1_14' title="bbox 649 2308 3712 2410; baseline -0 -25"><span class='ocrx_word' id='word_1_129' title='bbox 649 2309 873 2398; x_wconf 87' lang='lat' dir='ltr'><strong>civili,</strong></span> <span class='ocrx_word' id='word_1_130' title='bbox 935 2309 1297 2384; x_wconf 85' lang='lat' dir='ltr'><strong>altioribus</strong></span> <span class='ocrx_word' id='word_1_131' title='bbox 1360 2309 1435 2382; x_wconf 90' lang='lat' dir='ltr'><strong>in</strong></span> <span class='ocrx_word' id='word_1_132' title='bbox 1507 2332 1685 2406; x_wconf 88' lang='lat' dir='ltr'><strong>quos</strong></span> <span class='ocrx_word' id='word_1_133' title='bbox 1736 2308 1880 2384; x_wconf 91' lang='lat' dir='ltr'><strong>iam</strong></span> <span class='ocrx_word' id='word_1_134' title='bbox 1928 2308 2376 2384; x_wconf 86' lang='lat' dir='ltr'><strong>adscenditur</strong></span> <span class='ocrx_word' id='word_1_135' title='bbox 2426 2309 2784 2410; x_wconf 88' lang='lat' dir='ltr'><strong>gradibus.</strong></span> <span class='ocrx_word' id='word_1_136' title='bbox 2886 2310 2957 2382; x_wconf 95' lang='lat' dir='ltr'>N</span> <span class='ocrx_word' id='word_1_137' title='bbox 2959 2333 3036 2384; x_wconf 89' lang='lat' dir='ltr'><strong>ec</strong></span> <span class='ocrx_word' id='word_1_138' title='bbox 3087 2308 3340 2384; x_wconf 89' lang='lat' dir='ltr'><strong>deinde</strong></span> <span class='ocrx_word' id='word_1_139' title='bbox 3393 2309 3712 2409; x_wconf 87' lang='lat' dir='ltr'><strong>regulae,</strong></span> 
     </span>
     <span class='ocr_line' id='line_1_15' title="bbox 652 2428 3718 2527; baseline 0 -23"><span class='ocrx_word' id='word_1_140' title='bbox 652 2429 1039 2504; x_wconf 90' lang='lat' dir='ltr'><strong>secundum</strong></span> <span class='ocrx_word' id='word_1_141' title='bbox 1098 2453 1285 2527; x_wconf 80' lang='lat' dir='ltr'><strong>quas·</strong></span> <span class='ocrx_word' id='word_1_142' title='bbox 1328 2428 1499 2502; x_wconf 91' lang='lat' dir='ltr'><strong>iuris</strong></span> <span class='ocrx_word' id='word_1_143' title='bbox 1546 2428 1863 2504; x_wconf 87' lang='lat' dir='ltr'><strong>notiones</strong></span> <span class='ocrx_word' id='word_1_144' title='bbox 1910 2437 1983 2504; x_wconf 91' lang='lat' dir='ltr'><strong>et</strong></span> <span class='ocrx_word' id='word_1_145' title='bbox 2028 2429 2351 2505; x_wconf 88' lang='lat' dir='ltr'><strong>instituta</strong></span> <span class='ocrx_word' id='word_1_146' title='bbox 2407 2429 2818 2504; x_wconf 89' lang='lat' dir='ltr'><strong>ordinantur</strong></span> <span class='ocrx_word' id='word_1_147' title='bbox 2863 2437 2936 2504; x_wconf 93' lang='lat' dir='ltr'><strong>et</strong></span> <span class='ocrx_word' id='word_1_148' title='bbox 2978 2435 3384 2518; x_wconf 87' lang='lat' dir='ltr'><strong>struuntur,</strong></span> <span class='ocrx_word' id='word_1_149' title='bbox 3435 2429 3718 2504; x_wconf 89' lang='lat' dir='ltr'><strong>aliunde</strong></span> 
     </span>
     <span class='ocr_line' id='line_1_16' title="bbox 653 2547 3716 2650; baseline -0.001 -26"><span class='ocrx_word' id='word_1_150' title='bbox 653 2573 865 2650; x_wconf 86' lang='lat' dir='ltr'><strong>quam</strong></span> <span class='ocrx_word' id='word_1_151' title='bbox 934 2573 1019 2624; x_wconf 86' lang='lat' dir='ltr'><strong>ex</strong></span> <span class='ocrx_word' id='word_1_152' title='bbox 1080 2548 1251 2623; x_wconf 89' lang='lat' dir='ltr'><strong>iuris</strong></span> <span class='ocrx_word' id='word_1_153' title='bbox 1316 2548 1781 2625; x_wconf 88' lang='lat' dir='ltr'><strong>desumuntur</strong></span> <span class='ocrx_word' id='word_1_154' title='bbox 1846 2555 2117 2624; x_wconf 86' lang='lat' dir='ltr'><strong>natura.</strong></span> <span class='ocrx_word' id='word_1_155' title='bbox 2218 2550 2434 2624; x_wconf 90' lang='lat' dir='ltr'><strong>Porro</strong></span> <span class='ocrx_word' id='word_1_156' title='bbox 2485 2548 2942 2624; x_wconf 86' lang='lat' dir='ltr'><strong>finitimarum</strong></span> <span class='ocrx_word' id='word_1_157' title='bbox 2998 2548 3358 2647; x_wconf 89' lang='lat' dir='ltr'><strong>gentium,</strong></span> <span class='ocrx_word' id='word_1_158' title='bbox 3409 2573 3590 2646; x_wconf 88' lang='lat' dir='ltr'><strong>quae</strong></span> <span class='ocrx_word' id='word_1_159' title='bbox 3639 2547 3716 2622; x_wconf 90' lang='lat' dir='ltr'><strong>in</strong></span> 
     </span>
     <span class='ocr_line' id='line_1_17' title="bbox 654 2665 3715 2768; baseline -0.001 -24"><span class='ocrx_word' id='word_1_160' title='bbox 654 2669 899 2744; x_wconf 89' lang='lat' dir='ltr'><strong>eodem</strong></span> <span class='ocrx_word' id='word_1_161' title='bbox 960 2667 1144 2744; x_wconf 83' lang='lat' dir='ltr'><strong>vitae</strong></span> <span class='ocrx_word' id='word_1_162' title='bbox 1188 2669 1505 2744; x_wconf 83' lang='lat' dir='ltr'><strong>excultae</strong></span> <span class='ocrx_word' id='word_1_163' title='bbox 1551 2669 1779 2768; x_wconf 88' lang='lat' dir='ltr'><strong>gradu</strong></span> <span class='ocrx_word' id='word_1_164' title='bbox 1823 2669 2256 2757; x_wconf 90' lang='lat' dir='ltr'><strong>consistunt,</strong></span> <span class='ocrx_word' id='word_1_165' title='bbox 2314 2667 2710 2768; x_wconf 89' lang='lat' dir='ltr'><strong>Anglorum</strong></span> <span class='ocrx_word' id='word_1_166' title='bbox 2763 2675 2834 2743; x_wconf 92' lang='lat' dir='ltr'><strong>et</strong></span> <span class='ocrx_word' id='word_1_167' title='bbox 2875 2667 3449 2742; x_wconf 87' lang='lat' dir='ltr'><strong>Americanorum</strong></span> <span class='ocrx_word' id='word_1_168' title='bbox 3499 2665 3715 2766; x_wconf 87' lang='lat' dir='ltr'><strong>inpri-</strong></span> 
     </span>
     <span class='ocr_line' id='line_1_18' title="bbox 631 2786 3720 2888; baseline 0 -28"><span class='ocrx_word' id='word_1_169' title='bbox 631 2789 788 2864; x_wconf 77' lang='lat' dir='ltr'><strong>mis</strong></span> <span class='ocrx_word' id='word_1_170' title='bbox 808 2847 829 2878; x_wconf 97' lang='lat'><strong>,</strong></span> <span class='ocrx_word' id='word_1_171' title='bbox 910 2788 1035 2888; x_wconf 91' lang='lat' dir='ltr'><strong>qui</strong></span> <span class='ocrx_word' id='word_1_172' title='bbox 1104 2814 1247 2888; x_wconf 90' lang='lat' dir='ltr'><strong>quo</strong></span> <span class='ocrx_word' id='word_1_173' title='bbox 1309 2789 1547 2865; x_wconf 91' lang='lat' dir='ltr'><strong>minus</strong></span> <span class='ocrx_word' id='word_1_174' title='bbox 1617 2790 1752 2864; x_wconf 91' lang='lat' dir='ltr'><strong>iuri</strong></span> <span class='ocrx_word' id='word_1_175' title='bbox 1813 2790 2131 2864; x_wconf 88' lang='lat' dir='ltr'><strong>Romano</strong></span> <span class='ocrx_word' id='word_1_176' title='bbox 2204 2813 2287 2864; x_wconf 93' lang='lat' dir='ltr'><strong>eo</strong></span> <span class='ocrx_word' id='word_1_177' title='bbox 2359 2789 2522 2888; x_wconf 87' lang='lat' dir='ltr'><strong>plus</strong></span> <span class='ocrx_word' id='word_1_178' title='bbox 2569 2811 2802 2863; x_wconf 87' lang='lat' dir='ltr'><strong>rerum</strong></span> <span class='ocrx_word' id='word_1_179' title='bbox 2855 2794 3146 2862; x_wconf 89' lang='lat' dir='ltr'><strong>naturae</strong></span> <span class='ocrx_word' id='word_1_180' title='bbox 3193 2786 3594 2862; x_wconf 88' lang='lat' dir='ltr'><strong>tribuerunt</strong></span> <span class='ocrx_word' id='word_1_181' title='bbox 3645 2795 3720 2862; x_wconf 93' lang='lat' dir='ltr'><strong>et</strong></span> 
     </span>
     <span class='ocr_line' id='line_1_19' title="bbox 652 2905 3712 3010; baseline -0.001 -28"><span class='ocrx_word' id='word_1_182' title='bbox 652 2907 979 2984; x_wconf 85' lang='lat' dir='ltr'><strong>tribuunt</strong></span> <span class='ocrx_word' id='word_1_183' title='bbox 996 2966 1017 2997; x_wconf 95' lang='lat'><strong>,</strong></span> <span class='ocrx_word' id='word_1_184' title='bbox 1059 2909 1318 2984; x_wconf 78' lang='lat' dir='ltr'><strong>iurium</strong></span> <span class='ocrx_word' id='word_1_185' title='bbox 1361 2910 1785 3010; x_wconf 87' lang='lat' dir='ltr'><strong>comparatio</strong></span> <span class='ocrx_word' id='word_1_186' title='bbox 1823 2917 1896 2985; x_wconf 89' lang='lat' dir='ltr'><strong>et</strong></span> <span class='ocrx_word' id='word_1_187' title='bbox 1937 2908 2210 2984; x_wconf 89' lang='lat' dir='ltr'><strong>collatio</strong></span> <span class='ocrx_word' id='word_1_188' title='bbox 2247 2934 2292 2983; x_wconf 88' lang='lat' dir='ltr'><strong>a</strong></span> <span class='ocrx_word' id='word_1_189' title='bbox 2325 2909 2476 2983; x_wconf 92' lang='lat' dir='ltr'><strong>iure</strong></span> <span class='ocrx_word' id='word_1_190' title='bbox 2499 2908 2796 3009; x_wconf 88' lang='lat' dir='ltr'><strong>positivo</strong></span> <span class='ocrx_word' id='word_1_191' title='bbox 2821 2908 3044 2983; x_wconf 89' lang='lat' dir='ltr'><strong>aliena</strong></span> <span class='ocrx_word' id='word_1_192' title='bbox 3070 2914 3275 2983; x_wconf 90' lang='lat' dir='ltr'><strong>estet</strong></span> <span class='ocrx_word' id='word_1_193' title='bbox 3299 2931 3451 2982; x_wconf 88' lang='lat' dir='ltr'><strong>esse</strong></span> <span class='ocrx_word' id='word_1_194' title='bbox 3481 2905 3712 2982; x_wconf 89' lang='lat' dir='ltr'><strong>debet·</strong></span> 
     </span>
    </p>

    <p class='ocr_par' dir='ltr' id='par_1_4' title="bbox 658 3028 3721 3611">
     <span class='ocr_line' id='line_1_20' title="bbox 749 3028 3718 3131; baseline -0 -27"><span class='ocrx_word' id='word_1_195' title='bbox 749 3031 846 3104; x_wconf 89' lang='lat' dir='ltr'><strong>Et</strong></span> <span class='ocrx_word' id='word_1_196' title='bbox 883 3054 973 3105; x_wconf 92' lang='lat' dir='ltr'><strong>ne</strong></span> <span class='ocrx_word' id='word_1_197' title='bbox 1014 3029 1113 3105; x_wconf 90' lang='lat' dir='ltr'><strong>sic</strong></span> <span class='ocrx_word' id='word_1_198' title='bbox 1150 3037 1505 3105; x_wconf 89' lang='lat' dir='ltr'><strong>metuatur</strong></span> <span class='ocrx_word' id='word_1_199' title='bbox 1540 3030 1712 3105; x_wconf 91' lang='lat' dir='ltr'><strong>iuris</strong></span> <span class='ocrx_word' id='word_1_200' title='bbox 1756 3030 2036 3131; x_wconf 89' lang='lat' dir='ltr'><strong>positivi</strong></span> <span class='ocrx_word' id='word_1_201' title='bbox 2080 3038 2153 3106; x_wconf 92' lang='lat' dir='ltr'><strong>et</strong></span> <span class='ocrx_word' id='word_1_202' title='bbox 2200 3030 2536 3106; x_wconf 86' lang='lat' dir='ltr'><strong>naturalis</strong></span> <span class='ocrx_word' id='word_1_203' title='bbox 2576 3028 3058 3128; x_wconf 83' lang='lat' dir='ltr'><strong>repugnantia.</strong></span> <span class='ocrx_word' id='word_1_204' title='bbox 3139 3028 3328 3104; x_wconf 90' lang='lat' dir='ltr'><strong>Nam</strong></span> <span class='ocrx_word' id='word_1_205' title='bbox 3367 3052 3453 3103; x_wconf 83' lang='lat' dir='ltr'><strong>ex</strong></span> <span class='ocrx_word' id='word_1_206' title='bbox 3483 3036 3718 3103; x_wconf 87' lang='lat' dir='ltr'><strong>nostra</strong></span> 
     </span>
     <span class='ocr_line' id='line_1_21' title="bbox 658 3147 3719 3250; baseline -0.001 -25"><span class='ocrx_word' id='word_1_207' title='bbox 658 3151 1003 3225; x_wconf 89' lang='lat' dir='ltr'><strong>sententia</strong></span> <span class='ocrx_word' id='word_1_208' title='bbox 1058 3149 1171 3225; x_wconf 90' lang='lat' dir='ltr'><strong>ius</strong></span> <span class='ocrx_word' id='word_1_209' title='bbox 1220 3150 1535 3225; x_wconf 82' lang='lat' dir='ltr'><strong>naturale</strong></span> <span class='ocrx_word' id='word_1_210' title='bbox 1580 3150 1718 3225; x_wconf 91' lang='lat' dir='ltr'><strong>iuri</strong></span> <span class='ocrx_word' id='word_1_211' title='bbox 1765 3151 2059 3250; x_wconf 90' lang='lat' dir='ltr'><strong>positivo</strong></span> <span class='ocrx_word' id='word_1_212' title='bbox 2105 3150 2331 3239; x_wconf 91' lang='lat' dir='ltr'><strong>inest,</strong></span> <span class='ocrx_word' id='word_1_213' title='bbox 2383 3156 2458 3225; x_wconf 89' lang='lat' dir='ltr'><strong>et</strong></span> <span class='ocrx_word' id='word_1_214' title='bbox 2503 3150 2632 3225; x_wconf 91' lang='lat' dir='ltr'><strong>hoc</strong></span> <span class='ocrx_word' id='word_1_215' title='bbox 2676 3150 2910 3249; x_wconf 87' lang='lat' dir='ltr'><strong>ipsum</strong></span> <span class='ocrx_word' id='word_1_216' title='bbox 2959 3158 3070 3225; x_wconf 91' lang='lat' dir='ltr'><strong>est</strong></span> <span class='ocrx_word' id='word_1_217' title='bbox 3121 3148 3292 3224; x_wconf 90' lang='lat' dir='ltr'><strong>iuris</strong></span> <span class='ocrx_word' id='word_1_218' title='bbox 3342 3147 3719 3237; x_wconf 90' lang='lat' dir='ltr'><strong>naturalis,</strong></span> 
     </span>
     <span class='ocr_line' id='line_1_22' title="bbox 661 3268 3720 3371; baseline -0.001 -26"><span class='ocrx_word' id='word_1_219' title='bbox 661 3276 742 3345; x_wconf 91' lang='lat' dir='ltr'><strong>ut</strong></span> <span class='ocrx_word' id='word_1_220' title='bbox 796 3278 985 3345; x_wconf 90' lang='lat' dir='ltr'><strong>certa</strong></span> <span class='ocrx_word' id='word_1_221' title='bbox 1037 3270 1357 3369; x_wconf 88' lang='lat' dir='ltr'><strong>gentium</strong></span> <span class='ocrx_word' id='word_1_222' title='bbox 1404 3279 1631 3345; x_wconf 88' lang='lat' dir='ltr'><strong>aetate</strong></span> <span class='ocrx_word' id='word_1_223' title='bbox 1674 3272 1785 3345; x_wconf 89' lang='lat' dir='ltr'><strong>ius</strong></span> <span class='ocrx_word' id='word_1_224' title='bbox 1833 3271 2094 3347; x_wconf 87' lang='lat' dir='ltr'><strong>oriatur</strong></span> <span class='ocrx_word' id='word_1_225' title='bbox 2136 3271 2537 3371; x_wconf 88' lang='lat' dir='ltr'><strong>positivum.</strong></span> <span class='ocrx_word' id='word_1_226' title='bbox 2643 3272 2825 3344; x_wconf 91' lang='lat' dir='ltr'><strong>Sunt</strong></span> <span class='ocrx_word' id='word_1_227' title='bbox 2867 3270 3086 3370; x_wconf 90' lang='lat' dir='ltr'><strong>igitur</strong></span> <span class='ocrx_word' id='word_1_228' title='bbox 3129 3268 3241 3343; x_wconf 91' lang='lat' dir='ltr'><strong>ius</strong></span> <span class='ocrx_word' id='word_1_229' title='bbox 3287 3268 3599 3345; x_wconf 88' lang='lat' dir='ltr'><strong>naturale</strong></span> <span class='ocrx_word' id='word_1_230' title='bbox 3648 3275 3720 3343; x_wconf 91' lang='lat' dir='ltr'><strong>et</strong></span> 
     </span>
     <span class='ocr_line' id='line_1_23' title="bbox 660 3387 3721 3491; baseline 0 -28"><span class='ocrx_word' id='word_1_231' title='bbox 660 3389 1037 3489; x_wconf 86' lang='lat' dir='ltr'><strong>positivum</strong></span> <span class='ocrx_word' id='word_1_232' title='bbox 1103 3390 1315 3465; x_wconf 90' lang='lat' dir='ltr'><strong>unius</strong></span> <span class='ocrx_word' id='word_1_233' title='bbox 1382 3389 1785 3489; x_wconf 87' lang='lat' dir='ltr'><strong>disciplinae</strong></span> <span class='ocrx_word' id='word_1_234' title='bbox 1854 3399 2085 3491; x_wconf 87' lang='lat' dir='ltr'><strong>partes</strong></span> <span class='ocrx_word' id='word_1_235' title='bbox 2154 3390 2556 3467; x_wconf 86' lang='lat' dir='ltr'><strong>individuae</strong></span> <span class='ocrx_word' id='word_1_236' title='bbox 2577 3448 2598 3479; x_wconf 95' lang='lat'><strong>,</strong></span> <span class='ocrx_word' id='word_1_237' title='bbox 2671 3414 2852 3490; x_wconf 89' lang='lat' dir='ltr'><strong>quae</strong></span> <span class='ocrx_word' id='word_1_238' title='bbox 2903 3389 3242 3489; x_wconf 85' lang='lat' dir='ltr'><strong>distingui</strong></span> <span class='ocrx_word' id='word_1_239' title='bbox 3291 3412 3432 3463; x_wconf 89' lang='lat' dir='ltr'><strong>non</strong></span> <span class='ocrx_word' id='word_1_240' title='bbox 3487 3387 3721 3463; x_wconf 90' lang='lat' dir='ltr'><strong>divelli</strong></span> 
     </span>
     <span class='ocr_line' id='line_1_24' title="bbox 658 3509 2944 3611; baseline -0.001 -27"><span class='ocrx_word' id='word_1_241' title='bbox 658 3519 995 3611; x_wconf 86' lang='lat' dir='ltr'><strong>possunt,</strong></span> <span class='ocrx_word' id='word_1_242' title='bbox 1046 3536 1227 3609; x_wconf 86' lang='lat' dir='ltr'><strong>quae</strong></span> <span class='ocrx_word' id='word_1_243' title='bbox 1272 3511 1491 3585; x_wconf 85' lang='lat' dir='ltr'><strong>amice</strong></span> <span class='ocrx_word' id='word_1_244' title='bbox 1540 3510 1929 3611; x_wconf 86' lang='lat' dir='ltr'><strong>conspirare</strong></span> <span class='ocrx_word' id='word_1_245' title='bbox 1976 3535 2115 3587; x_wconf 91' lang='lat' dir='ltr'><strong>non</strong></span> <span class='ocrx_word' id='word_1_246' title='bbox 2168 3511 2303 3586; x_wconf 92' lang='lat' dir='ltr'><strong>sibi</strong></span> <span class='ocrx_word' id='word_1_247' title='bbox 2348 3511 2616 3611; x_wconf 90' lang='lat' dir='ltr'><strong>opponi</strong></span> <span class='ocrx_word' id='word_1_248' title='bbox 2665 3509 2944 3585; x_wconf 89' lang='lat' dir='ltr'><strong>debent.</strong></span> 
     </span>
    </p>

    <p class='ocr_par' dir='ltr' id='par_1_5' title="bbox 658 3628 3722 3969">
     <span class='ocr_line' id='line_1_25' title="bbox 757 3628 3722 3731; baseline -0.001 -26"><span class='ocrx_word' id='word_1_249' title='bbox 757 3630 1013 3705; x_wconf 87' lang='lat' dir='ltr'><strong>Primis</strong></span> <span class='ocrx_word' id='word_1_250' title='bbox 1074 3630 1275 3727; x_wconf 89' lang='lat' dir='ltr'><strong>quasi</strong></span> <span class='ocrx_word' id='word_1_251' title='bbox 1322 3629 1525 3705; x_wconf 87' lang='lat' dir='ltr'><strong>lineis</strong></span> <span class='ocrx_word' id='word_1_252' title='bbox 1573 3630 1935 3730; x_wconf 90' lang='lat' dir='ltr'><strong>designata</strong></span> <span class='ocrx_word' id='word_1_253' title='bbox 1984 3631 2581 3731; x_wconf 88' lang='lat' dir='ltr'><strong>Iurisprudentiae</strong></span> <span class='ocrx_word' id='word_1_254' title='bbox 2636 3639 2912 3707; x_wconf 88' lang='lat' dir='ltr'><strong>nostrae</strong></span> <span class='ocrx_word' id='word_1_255' title='bbox 2962 3628 3230 3704; x_wconf 89' lang='lat' dir='ltr'><strong>ultimis</strong></span> <span class='ocrx_word' id='word_1_256' title='bbox 3276 3628 3464 3703; x_wconf 90' lang='lat' dir='ltr'><strong>hisce</strong></span> <span class='ocrx_word' id='word_1_257' title='bbox 3518 3628 3722 3703; x_wconf 90' lang='lat' dir='ltr'><strong>annis</strong></span> 
     </span>
     <span class='ocr_line' id='line_1_26' title="bbox 661 3746 3718 3850; baseline -0 -28"><span class='ocrx_word' id='word_1_258' title='bbox 661 3748 949 3825; x_wconf 88' lang='lat' dir='ltr'><strong>historia</strong></span> <span class='ocrx_word' id='word_1_259' title='bbox 991 3749 1189 3825; x_wconf 87' lang='lat' dir='ltr'><strong>facile</strong></span> <span class='ocrx_word' id='word_1_260' title='bbox 1240 3758 1565 3850; x_wconf 88' lang='lat' dir='ltr'><strong>apparet,</strong></span> <span class='ocrx_word' id='word_1_261' title='bbox 1617 3775 1843 3826; x_wconf 90' lang='lat' dir='ltr'><strong>meam</strong></span> <span class='ocrx_word' id='word_1_262' title='bbox 1894 3752 2065 3826; x_wconf 89' lang='lat' dir='ltr'><strong>iuris</strong></span> <span class='ocrx_word' id='word_1_263' title='bbox 2113 3752 2448 3828; x_wconf 87' lang='lat' dir='ltr'><strong>naturalis</strong></span> <span class='ocrx_word' id='word_1_264' title='bbox 2500 3750 2980 3827; x_wconf 86' lang='lat' dir='ltr'><strong>definitionem</strong></span> <span class='ocrx_word' id='word_1_265' title='bbox 3035 3772 3125 3825; x_wconf 85' lang='lat' dir='ltr'><strong>ex</strong></span> <span class='ocrx_word' id='word_1_266' title='bbox 3169 3746 3500 3823; x_wconf 91' lang='lat' dir='ltr'><strong>omnibus</strong></span> <span class='ocrx_word' id='word_1_267' title='bbox 3544 3748 3718 3823; x_wconf 90' lang='lat' dir='ltr'><strong>viro·</strong></span> 
     </span>
     <span class='ocr_line' id='line_1_27' title="bbox 658 3867 3720 3969; baseline 0 -27"><span class='ocrx_word' id='word_1_268' title='bbox 658 3891 819 3943; x_wconf 90' lang='lat' dir='ltr'><strong>rum</strong></span> <span class='ocrx_word' id='word_1_269' title='bbox 887 3869 1249 3943; x_wconf 88' lang='lat' dir='ltr'><strong>doctorum</strong></span> <span class='ocrx_word' id='word_1_270' title='bbox 1318 3867 1908 3967; x_wconf 86' lang='lat' dir='ltr'><strong>subsequentibus</strong></span> <span class='ocrx_word' id='word_1_271' title='bbox 1971 3871 2331 3945; x_wconf 88' lang='lat' dir='ltr'><strong>sententiis</strong></span> <span class='ocrx_word' id='word_1_272' title='bbox 2352 3928 2374 3959; x_wconf 90' lang='lat'><strong>,</strong></span> <span class='ocrx_word' id='word_1_273' title='bbox 2447 3871 2710 3969; x_wconf 90' lang='lat' dir='ltr'><strong>quibus</strong></span> <span class='ocrx_word' id='word_1_274' title='bbox 2770 3893 3008 3945; x_wconf 90' lang='lat' dir='ltr'><strong>verum</strong></span> <span class='ocrx_word' id='word_1_275' title='bbox 3069 3868 3242 3969; x_wconf 91' lang='lat' dir='ltr'><strong>quid</strong></span> <span class='ocrx_word' id='word_1_276' title='bbox 3295 3876 3366 3943; x_wconf 90' lang='lat' dir='ltr'><strong>et</strong></span> <span class='ocrx_word' id='word_1_277' title='bbox 3423 3868 3516 3943; x_wconf 88' lang='lat' dir='ltr'><strong>ad</strong></span> <span class='ocrx_word' id='word_1_278' title='bbox 3569 3893 3720 3944; x_wconf 89' lang='lat' dir='ltr'><strong>rem</strong></span> 
     </span>
    </p>
   </div>
   <div class='ocr_carea' id='block_1_3' title="bbox 660 3985 3846 4089">
    <p class='ocr_par' dir='ltr' id='par_1_6' title="bbox 660 3985 3846 4089">
     <span class='ocr_line' id='line_1_28' title="bbox 660 3985 3846 4089; baseline -0.001 -27"><span class='ocrx_word' id='word_1_279' title='bbox 660 3985 921 4063; x_wconf 81' lang='lat' dir='ltr'><strong>faciens</strong></span> <span class='ocrx_word' id='word_1_280' title='bbox 968 3988 1195 4063; x_wconf 90' lang='lat' dir='ltr'><strong>inesse</strong></span> <span class='ocrx_word' id='word_1_281' title='bbox 1249 3987 1614 4064; x_wconf 87' lang='lat' dir='ltr'><strong>videbatur</strong></span> <span class='ocrx_word' id='word_1_282' title='bbox 1633 4045 1656 4079; x_wconf 91' lang='lat'><strong>,</strong></span> <span class='ocrx_word' id='word_1_283' title='bbox 1724 3989 2155 4089; x_wconf 85' lang='lat' dir='ltr'><strong>depromtam</strong></span> <span class='ocrx_word' id='word_1_284' title='bbox 2204 4014 2355 4065; x_wconf 87' lang='lat' dir='ltr'><strong>esse</strong></span> <span class='ocrx_word' id='word_1_285' title='bbox 2401 3997 2474 4063; x_wconf 92' lang='lat' dir='ltr'><strong>et</strong></span> <span class='ocrx_word' id='word_1_286' title='bbox 2520 3989 2899 4067; x_wconf 89' lang='lat' dir='ltr'><strong>collectam.</strong></span> <span class='ocrx_word' id='word_1_287' title='bbox 3000 3989 3254 4087; x_wconf 90' lang='lat' dir='ltr'><strong>Neque</strong></span> <span class='ocrx_word' id='word_1_288' title='bbox 3303 3988 3402 4062; x_wconf 90' lang='lat' dir='ltr'><strong>sic</strong></span> <span class='ocrx_word' id='word_1_289' title='bbox 3452 3985 3722 4063; x_wconf 89' lang='lat' dir='ltr'><strong>definiti</strong></span> <span class='ocrx_word' id='word_1_290' title='bbox 3839 4030 3846 4037; x_wconf 87' lang='lat'><strong>·</strong></span> 
     </span>
    </p>
   </div>
   <div class='ocr_carea' id='block_1_4' title="bbox 628 4106 3715 4303">
    <p class='ocr_par' dir='ltr' id='par_1_7' title="bbox 628 4106 3715 4303">
     <span class='ocr_line' id='line_1_29' title="bbox 628 4106 3715 4211; baseline 0.001 -32"><span class='ocrx_word' id='word_1_291' title='bbox 628 4106 833 4182; x_wconf 81' lang='lat' dir='ltr'><strong>‚iuris</strong></span> <span class='ocrx_word' id='word_1_292' title='bbox 896 4107 1231 4182; x_wconf 88' lang='lat' dir='ltr'><strong>naturalis</strong></span> <span class='ocrx_word' id='word_1_293' title='bbox 1298 4106 1563 4183; x_wconf 91' lang='lat' dir='ltr'><strong>utilitas</strong></span> <span class='ocrx_word' id='word_1_294' title='bbox 1627 4115 1700 4182; x_wconf 95' lang='lat' dir='ltr'><strong>et</strong></span> <span class='ocrx_word' id='word_1_295' title='bbox 1764 4109 2137 4185; x_wconf 87' lang='lat' dir='ltr'><strong>necessitas</strong></span> <span class='ocrx_word' id='word_1_296' title='bbox 2196 4108 2520 4209; x_wconf 83' lang='lat' dir='ltr'><strong>pluribus</strong></span> <span class='ocrx_word' id='word_1_297' title='bbox 2560 4119 2688 4185; x_wconf 90' lang='lat' dir='ltr'><strong>aut</strong></span> <span class='ocrx_word' id='word_1_298' title='bbox 2739 4108 3150 4211; x_wconf 83' lang='lat' dir='ltr'><strong>exponenda</strong></span> <span class='ocrx_word' id='word_1_299' title='bbox 3193 4115 3320 4183; x_wconf 89' lang='lat' dir='ltr'><strong>aut</strong></span> <span class='ocrx_word' id='word_1_300' title='bbox 3365 4130 3715 4183; x_wconf 89' lang='lat' dir='ltr'><strong>commen·</strong></span> 
     </span>
     <span class='ocr_line' id='line_1_30' title="bbox 666 4225 1241 4303; baseline 0.003 -2"><span class='ocrx_word' id='word_1_301' title='bbox 666 4225 899 4303; x_wconf 85' lang='lat' dir='ltr'><strong>danda</strong></span> <span class='ocrx_word' id='word_1_302' title='bbox 946 4227 1241 4303; x_wconf 89' lang='lat' dir='ltr'><strong>videtur.</strong></span> 
     </span>
    </p>
   </div>
   <div class='ocr_carea' id='block_1_5' title="bbox 630 4344 3723 4929">
    <p class='ocr_par' dir='ltr' id='par_1_8' title="bbox 630 4344 3723 4929">
     <span class='ocr_line' id='line_1_31' title="bbox 768 4344 3722 4447; baseline 0.001 -30"><span class='ocrx_word' id='word_1_303' title='bbox 768 4344 886 4418; x_wconf 88' lang='lat' dir='ltr'><strong>Sic</strong></span> <span class='ocrx_word' id='word_1_304' title='bbox 942 4354 1179 4420; x_wconf 86' lang='lat' dir='ltr'><strong>autem</strong></span> <span class='ocrx_word' id='word_1_305' title='bbox 1244 4346 1659 4421; x_wconf 87' lang='lat' dir='ltr'><strong>sententiam</strong></span> <span class='ocrx_word' id='word_1_306' title='bbox 1724 4346 2053 4421; x_wconf 87' lang='lat' dir='ltr'><strong>contraho</strong></span> <span class='ocrx_word' id='word_1_307' title='bbox 2095 4370 2347 4423; x_wconf 89' lang='lat' dir='ltr'><strong>meam.</strong></span> <span class='ocrx_word' id='word_1_308' title='bbox 2451 4348 2579 4423; x_wconf 88' lang='lat' dir='ltr'><strong>Ius</strong></span> <span class='ocrx_word' id='word_1_309' title='bbox 2623 4349 2937 4425; x_wconf 88' lang='lat' dir='ltr'><strong>naturale</strong></span> <span class='ocrx_word' id='word_1_310' title='bbox 2979 4357 3088 4423; x_wconf 88' lang='lat' dir='ltr'><strong>est</strong></span> <span class='ocrx_word' id='word_1_311' title='bbox 3130 4344 3320 4447; x_wconf 87' lang='lat' dir='ltr'><strong>quod</strong></span> <span class='ocrx_word' id='word_1_312' title='bbox 3360 4345 3722 4422; x_wconf 87' lang='lat' dir='ltr'><strong>conveniat</strong></span> 
     </span>
     <span class='ocr_line' id='line_1_32' title="bbox 665 4463 3717 4568; baseline 0.003 -31"><span class='ocrx_word' id='word_1_313' title='bbox 665 4464 846 4539; x_wconf 80' lang='lat' dir='ltr'><strong>vitae</strong></span> <span class='ocrx_word' id='word_1_314' title='bbox 914 4464 1135 4540; x_wconf 90' lang='lat' dir='ltr'><strong>civilis</strong></span> <span class='ocrx_word' id='word_1_315' title='bbox 1202 4466 1517 4541; x_wconf 86' lang='lat' dir='ltr'><strong>excultae</strong></span> <span class='ocrx_word' id='word_1_316' title='bbox 1575 4465 1869 4565; x_wconf 86' lang='lat' dir='ltr'><strong>gradui,</strong></span> <span class='ocrx_word' id='word_1_317' title='bbox 1916 4464 1993 4541; x_wconf 92' lang='lat' dir='ltr'><strong>in</strong></span> <span class='ocrx_word' id='word_1_318' title='bbox 2041 4490 2181 4565; x_wconf 94' lang='lat' dir='ltr'><strong>quo</strong></span> <span class='ocrx_word' id='word_1_319' title='bbox 2226 4466 2368 4542; x_wconf 91' lang='lat' dir='ltr'><strong>iam</strong></span> <span class='ocrx_word' id='word_1_320' title='bbox 2418 4469 2716 4568; x_wconf 86' lang='lat' dir='ltr'><strong>quisque</strong></span> <span class='ocrx_word' id='word_1_321' title='bbox 2761 4468 3186 4545; x_wconf 85' lang='lat' dir='ltr'><strong>constitutus</strong></span> <span class='ocrx_word' id='word_1_322' title='bbox 3237 4474 3343 4541; x_wconf 89' lang='lat' dir='ltr'><strong>est</strong></span> <span class='ocrx_word' id='word_1_323' title='bbox 3393 4463 3717 4564; x_wconf 80' lang='lat' dir='ltr'><strong>populus.</strong></span> 
     </span>
     <span class='ocr_line' id='line_1_33' title="bbox 662 4583 3718 4683; baseline 0.001 -26"><span class='ocrx_word' id='word_1_324' title='bbox 662 4583 829 4658; x_wconf 90' lang='lat' dir='ltr'><strong>Non</strong></span> <span class='ocrx_word' id='word_1_325' title='bbox 898 4583 1117 4683; x_wconf 88' lang='lat' dir='ltr'><strong>igitur</strong></span> <span class='ocrx_word' id='word_1_326' title='bbox 1190 4592 1299 4659; x_wconf 88' lang='lat' dir='ltr'><strong>est</strong></span> <span class='ocrx_word' id='word_1_327' title='bbox 1358 4590 1720 4661; x_wconf 89' lang='lat' dir='ltr'><strong>aeternum</strong></span> <span class='ocrx_word' id='word_1_328' title='bbox 1799 4592 1872 4661; x_wconf 93' lang='lat' dir='ltr'><strong>et</strong></span> <span class='ocrx_word' id='word_1_329' title='bbox 1932 4585 2410 4676; x_wconf 87' lang='lat' dir='ltr'><strong>immutabile,</strong></span> <span class='ocrx_word' id='word_1_330' title='bbox 2477 4589 2769 4665; x_wconf 88' lang='lat' dir='ltr'><strong>saeculis</strong></span> <span class='ocrx_word' id='word_1_331' title='bbox 2825 4586 3152 4665; x_wconf 89' lang='lat' dir='ltr'><strong>omnibus</strong></span> <span class='ocrx_word' id='word_1_332' title='bbox 3215 4591 3378 4660; x_wconf 89' lang='lat' dir='ltr'><strong>ante</strong></span> <span class='ocrx_word' id='word_1_333' title='bbox 3429 4592 3718 4675; x_wconf 87' lang='lat' dir='ltr'><strong>natum,</strong></span> 
     </span>
     <span class='ocr_line' id='line_1_34' title="bbox 664 4702 3718 4808; baseline 0.001 -31"><span class='ocrx_word' id='word_1_334' title='bbox 664 4726 829 4778; x_wconf 88' lang='lat' dir='ltr'><strong>cum</strong></span> <span class='ocrx_word' id='word_1_335' title='bbox 901 4702 1055 4803; x_wconf 86' lang='lat' dir='ltr'><strong>ipso</strong></span> <span class='ocrx_word' id='word_1_336' title='bbox 1119 4728 1374 4804; x_wconf 87' lang='lat' dir='ltr'><strong>genere</strong></span> <span class='ocrx_word' id='word_1_337' title='bbox 1446 4704 1753 4781; x_wconf 87' lang='lat' dir='ltr'><strong>humano</strong></span> <span class='ocrx_word' id='word_1_338' title='bbox 1800 4731 1845 4781; x_wconf 88' lang='lat' dir='ltr'><strong>a</strong></span> <span class='ocrx_word' id='word_1_339' title='bbox 1890 4729 2125 4782; x_wconf 87' lang='lat' dir='ltr'><strong>rerum</strong></span> <span class='ocrx_word' id='word_1_340' title='bbox 2170 4714 2421 4783; x_wconf 86' lang='lat' dir='ltr'><strong>natura</strong></span> <span class='ocrx_word' id='word_1_341' title='bbox 2467 4709 2822 4808; x_wconf 87' lang='lat' dir='ltr'><strong>proditum</strong></span> <span class='ocrx_word' id='word_1_342' title='bbox 2844 4766 2867 4798; x_wconf 93' lang='lat'><strong>,</strong></span> <span class='ocrx_word' id='word_1_343' title='bbox 2935 4714 3008 4781; x_wconf 92' lang='lat' dir='ltr'><strong>et</strong></span> <span class='ocrx_word' id='word_1_344' title='bbox 3051 4730 3229 4806; x_wconf 89' lang='lat' dir='ltr'><strong>quae</strong></span> <span class='ocrx_word' id='word_1_345' title='bbox 3273 4704 3412 4781; x_wconf 87' lang='lat' dir='ltr'><strong>alia</strong></span> <span class='ocrx_word' id='word_1_346' title='bbox 3454 4704 3718 4805; x_wconf 88' lang='lat' dir='ltr'><strong>sesqui-</strong></span> 
     </span>
     <span class='ocr_line' id='line_1_35' title="bbox 630 4820 3723 4929; baseline 0.002 -32"><span class='ocrx_word' id='word_1_347' title='bbox 630 4886 647 4897; x_wconf 87' lang='lat'><em>.</em></span> <span class='ocrx_word' id='word_1_348' title='bbox 664 4820 941 4921; x_wconf 85' lang='lat' dir='ltr'><strong>pedalia</strong></span> <span class='ocrx_word' id='word_1_349' title='bbox 1002 4820 1389 4899; x_wconf 80' lang='lat' dir='ltr'><strong>afferuntur</strong></span> <span class='ocrx_word' id='word_1_350' title='bbox 1450 4823 1679 4905; x_wconf 84' lang='lat' dir='ltr'><strong>verba.</strong></span> <span class='ocrx_word' id='word_1_351' title='bbox 1790 4825 2029 4903; x_wconf 87' lang='lat' dir='ltr'><strong>Variat</strong></span> <span class='ocrx_word' id='word_1_352' title='bbox 2074 4833 2311 4903; x_wconf 86' lang='lat' dir='ltr'><strong>contra</strong></span> <span class='ocrx_word' id='word_1_353' title='bbox 2358 4852 2486 4927; x_wconf 92' lang='lat' dir='ltr'><strong>pro</strong></span> <span class='ocrx_word' id='word_1_354' title='bbox 2533 4827 2720 4905; x_wconf 84' lang='lat' dir='ltr'><strong>varia</strong></span> <span class='ocrx_word' id='word_1_355' title='bbox 2759 4826 3176 4929; x_wconf 88' lang='lat' dir='ltr'><strong>populorum</strong></span> <span class='ocrx_word' id='word_1_356' title='bbox 3229 4828 3454 4903; x_wconf 86' lang='lat' dir='ltr'><strong>aetate</strong></span> <span class='ocrx_word' id='word_1_357' title='bbox 3471 4882 3496 4919; x_wconf 92' lang='lat'><strong>,</strong></span> <span class='ocrx_word' id='word_1_358' title='bbox 3545 4850 3723 4925; x_wconf 84' lang='lat' dir='ltr'><strong>quas</strong></span> 
     </span>
    </p>
   </div>
  </div>
 </body>
</html>
