4730 6049
1777 658 2340 733 ORATIO.
3467 672 3598 739 143

615 864 721 947 15)
761 866 1025 941 limus,
1078 868 1191 929 Eu.
1256 854 1591 945 Dogmata,
1648 890 1703 953 p.
1759 872 1911 944 16⁷,
1954 871 2025 933 de
2066 873 2305 933 externis
2348 876 2688 953 argumentis
2727 876 2808 939 ita
2847 882 3094 939 mentem
3133 898 3286 939 suam
3327 878 3602 953 declarat,

536 974 600 1035 ut
642 970 797 1033 inter
856 969 1379 1051 supranaturalistan
1428 971 1765 1035 recentiores
1819 994 1887 1035 ae
1940 975 2337 1041 Rationalistan
2383 979 2628 1041 medium
2668 981 2840 1043 veluti
2879 983 3066 1043 locum
3109 989 3298 1045 tenere
3338 982 3604 1046 videatur.

534 1072 859 1137 Admodum
898 1079 1083 1137 tamen
1127 1090 1319 1135 vereor
1357 1080 1419 1137 ut
1458 1073 1711 1137 definitio
1748 1078 2003 1139 miraculi
2018 1122 2035 1151 ,
2076 1098 2245 1159 quam
2283 1080 2472 1155 dedit,
2513 1084 2604 1145 vel
2641 1083 2731 1145 his
2772 1086 2862 1147 vel
2901 1085 3016 1145 illis
3055 1088 3146 1147 vel
3183 1085 3290 1167 ipsi
3323 1087 3442 1149 viro
3475 1086 3604 1147 doc-

533 1174 744 1239 tinnimo
786 1176 951 1257 plane
990 1173 1316 1237 satisfaciat.

616 1280 723 1353 16)
764 1279 1185 1341 &maxumus
1202 1321 1218 1347 ,
1280 1296 1615 1359 quamquam
1671 1278 1732 1341 in
1792 1301 1961 1362 opere
2020 1282 2211 1345 multis
2272 1286 2594 1349 nominibus
2653 1286 2960 1351 laudando:
3050 1316 3079 1344 n
3095 1291 3206 1351 Die
3269 1291 3606 1352 Okriaetlicke

534 1382 839 1458 Doqnacik
887 1400 1007 1443 vom
1060 1381 1443 1458 Standpukte
1494 1382 1591 1443 dee
1645 1383 1949 1445 Gadasena
2004 1405 2107 1445 aue
2158 1388 2488 1464 darae-stell&
2503 1390 2562 1462 ,”
2619 1398 2818 1453 cuncta
2871 1392 2942 1453 ad
2999 1393 3396 1456 conscientiam
3447 1414 3602 1455 revo-

532 1490 651 1559 cat,
708 1484 945 1547 minime
1002 1488 1193 1545 tamen
1252 1484 1325 1545 iis
1378 1488 1465 1547 est
1518 1487 1961 1549 annumerandus
2018 1490 2323 1568 Theologis
2342 1536 2359 1563 ,
2415 1491 2514 1573 qui
2564 1495 2654 1555 vel
2705 1494 2992 1557 Historiae
3029 1497 3120 1555 vel
3159 1497 3402 1557 externis
3441 1516 3602 1573 argu·

533 1589 739 1651 mentis
780 1606 949 1649 omne
988 1607 1149 1649 anum
1192 1586 1461 1665 derogent
1502 1589 1759 1669 pretium.
1839 1591 2057 1653 Tritum
2074 1637 2091 1665 ,
2132 1613 2300 1673 quam
2337 1593 2662 1673 Dogmatici
2699 1595 3001 1670 dederant,
3041 1598 3294 1661 miraculi
3329 1598 3606 1661 definitio-

531 1711 665 1755 nem
702 1690 1017 1769 relinquens
1036 1733 1051 1761 ,
1094 1708 1251 1751 suam
1284 1690 1620 1753 sententiam
1658 1691 1750 1753 hia
1788 1694 1975 1755 verbis
2016 1698 2300 1776 exposuit,
2340 1698 2394 1757 Ι.
2437 1716 2493 1777 p.
2540 1702 2689 1758 263:
2759 1724 2788 1752 e
2807 1699 2924 1761 Das
2962 1700 3214 1763 Wunder
3250 1701 3326 1763 ist
3365 1722 3469 1762 uns
3511 1701 3604 1761 ein

532 1791 1099 1864 Uebernatiirliches,
1156 1793 1291 1853 aber
1332 1793 1493 1855 nicht
1533 1793 1613 1859 im
1654 1793 1829 1854 Sinne
1867 1793 1965 1855 der
2006 1797 2159 1857 alten
2196 1796 2506 1874 Dogmatik
2521 1820 2540 1875 3
2599 1796 2745 1859 deun
2787 1818 2848 1861 er
2889 1800 2966 1862 ist
3004 1822 3108 1861 uns
3144 1802 3275 1862 kein
3317 1802 3606 1863 Widerna·

535 1895 805 1957 turnella
818 1894 881 1969 ,²²
924 1900 981 1957 et
1020 1916 1075 1976 p.
1120 1899 1272 1957 258:
1320 1920 1350 1951 n
1367 1895 1487 1957 Das
1518 1894 1769 1957 Wunder
1806 1896 1940 1957 wird
1986 1918 2091 1959 uns
2130 1899 2191 1959 in
2230 1898 2426 1959 eeinen
2464 1902 2668 1963 letzten
2705 1900 3137 1983 Consequenzen
3172 1903 3368 1965 wieder
3400 1904 3604 1982 ger-ade

531 1998 738 2061 ebenso
793 1998 1075 2061 natiirlich
1096 2044 1113 2071 ‚
1165 1998 1265 2059 wie
1321 1997 1421 2059 das
1472 2000 1535 2059 N
1534 1999 1809 2061 atiirliehe
1846 1999 1909 2059 in
1952 2000 2163 2063 seinem
2202 2000 2428 2063 tiefsten
2473 2002 2702 2065 Grunde
2744 2006 2834 2066 ein
2876 2004 3186 2067 Wunder.'’
3269 2007 3431 2067 Licet
3467 2008 3608 2069 haec

530 2102 812 2163 obscurius
852 2102 969 2163 sint
1009 2101 1165 2163 dicta
1202 2120 1309 2163 nec
1332 2100 1583 2165 ‘definire
1622 2100 1913 2165 videantur
1929 2146 1945 2174 ,
1992 2102 2127 2182 quid
2166 2103 2238 2167 de
2282 2125 2411 2167 vera
2449 2106 2702 2167 miraculi
2741 2112 2940 2169 natura
2978 2107 3054 2167 sit
3091 2108 3442 2169 statuendum
3459 2154 3476 2181 ‚
3517 2110 3610 2171 vel

528 2206 608 2267 sie
670 2210 865 2267 tamen
920 2224 955 2267 e
1010 2204 1118 2265 viri
1174 2204 1485 2269 doctissimi
1536 2206 1909 2287 disputatione
1962 2207 2097 2269 satis
2149 2207 2333 2269 lucide
2387 2215 2640 2290 apparet,
2695 2208 2855 2269 illum
2903 2208 3192 2272 Historiae
3238 2209 3610 2287 Euangelicae

528 2306 819 2373 veritatem
852 2326 921 2369 ac
954 2307 1220 2369 miracula
1252 2308 1368 2373 veri
1398 2308 1644 2372 nominis
1676 2329 1997 2389 agnoscere.
2080 2312 2435 2393 Quapropter
2479 2311 2712 2373 minime
2751 2331 2876 2375 eum
2917 2327 3142 2373 mmo
3157 2358 3174 2385 ,
3207 2315 3250 2375 1.
3279 2332 3330 2374 c.
3362 2334 3417 2393 p.
3455 2317 3572 2373 262
3587 2344 3604 2371 2

527 2409 689 2473 fldem
706 2456 723 2483 ,
766 2430 937 2490 quam
978 2428 1383 2473 sommus
1422 2411 1703 2473 miraculis
1742 2412 2057 2474 habendam
2099 2416 2323 2487 statuit,
2364 2414 2610 2477 fucatam
2649 2420 2818 2494 atque
2858 2414 3166 2476 affectatam
3195 2414 3451 2477 dixerim.

608 2511 714 2594 1⁷)
770 2514 1275 2577 Hacnmoums.
1358 2518 1451 2597 De
1506 2516 1797 2592 lmeoloqie
1850 2517 1949 2576 der
2003 2517 2386 2593 bemiddeh'nq,
2440 2517 2580 2578 door
2631 2534 2694 2579 x.
2737 2534 2800 2579 a.
2841 2534 3240 2591 monumen,
3292 2524 3429 2579 vert.
3469 2516 3610 2579 door

528 2634 589 2679 n.
628 2632 793 2677 unm
836 2632 1095 2677 nsum
1112 2662 1129 2689 ,
1170 2638 1229 2697 p.
1274 2622 1371 2679 95.
1408 2650 1490 2663 -
1536 2642 1567 2671 ι
1582 2616 1723 2679 Niet
1760 2618 1860 2679 het
1893 2620 2091 2697 geloof
2116 2639 2223 2679 aan
2256 2619 2327 2681 de
2363 2617 2654 2681 wonderen
2689 2618 2846 2681 heeft
2877 2619 2976 2681 het
3005 2620 3196 2697 geloof
3225 2619 3284 2681 in
3315 2637 3604 2681 eumerus

526 2725 619 2781 ten
656 2720 929 2798 gevolge,
988 2738 1145 2783 maar
1198 2720 1563 2796 omgekeerd,
1620 2720 1762 2783 door
1813 2741 1923 2782 ons
1976 2721 2169 2799 gelooi
2220 2720 2283 2783 in
2342 2738 2632 2784 eumerus
2683 2720 2903 2782 worden
2945 2721 3030 2798 wij
3071 2720 3396 2798 gedrongen
3433 2721 3494 2781 in
3537 2720 3608 2781 de

526 2822 815 2885 wonderen
872 2822 943 2883 de
996 2822 1365 2905 asspiegeling
1414 2828 1473 2885 te
1526 2822 1647 2885 nien
1697 2822 1819 2885 dier
1875 2822 2242 2902 heerlijkheid
2260 2868 2276 2895 ,
2334 2822 2428 2885 dic
2481 2823 2585 2901 Hij
2641 2823 2704 2883 iu
2753 2821 2864 2884 den
2911 2822 3154 2901 beginne
3207 2823 3287 2901 bij
3344 2823 3452 2884 den
3492 2824 3606 2883 Va·

526 2924 623 2989 der
660 2924 841 2986 had.”

602 3027 769 3090 Idem
808 3049 867 3109 p.
910 3032 1009 3089 29.
1095 3052 1125 3083 u
1143 3028 1217 3088 Ik
1258 3033 1355 3090 ten
1397 3029 1601 3090 iniuste
1639 3030 1821 3092 beken
1861 3030 1961 3091 het
1997 3029 2282 3112 openlijk‚
2324 3028 2422 3090 dat
2462 3029 2524 3090 ik
2564 3031 2652 3088 tot
2690 3027 2791 3088 het
2831 3030 3028 3106 geloof
3058 3028 3118 3090 in
3159 3045 3448 3090 canterus
3487 3029 3608 3089 niet

526 3131 663 3194 door
700 3130 921 3194 midde!
956 3129 1056 3192 der
1096 3129 1385 3194 wonderen
1425 3132 1702 3209 gekomen
1744 3133 1853 3194 ben
1871 3176 1887 3206 ,
1930 3151 2085 3194 maar
2125 3131 2460 3210 omgekoerd
2501 3131 2656 3194 heeft
2695 3132 2795 3192 het
2835 3132 3032 3210 geloof
3066 3131 3128 3191 in
3171 3147 3462 3194 eumerus
3503 3132 3602 3210 mij

534 3233 649 3298 ook
686 3236 789 3296 het
826 3253 1135 3296 aannemen
1178 3255 1283 3296 van
1318 3233 1411 3298 die
1450 3235 1741 3298 wonder-en
1780 3235 2159 3314 gemakkelijk
2197 3235 2493 3312 gemaakt,
2535 3235 2628 3296 die
2667 3233 2765 3313 mij
2814 3255 2890 3316 op
2927 3233 3056 3296 zich
3095 3234 3212 3294 aelf
3245 3233 3572 3298 beschouwd
3589 3279 3606 3307 ,

526 3337 929 3416 ongeloofelijk
984 3338 1390 3400 voorkwemen.
1482 3338 1634 3400 Deae
1688 3338 2021 3418 opmerking
2076 3357 2244 3416 mogo
2296 3357 2402 3400 ons
2458 3338 2556 3398 het
2608 3343 2766 3414 regte
2817 3335 3121 3416 atandpunt
3172 3357 3278 3398 ann
3333 3335 3404 3396 de
3451 3336 3608 3396 hand

526 3459 701 3518 geven
720 3485 736 3512 ,
782 3459 891 3500 van
934 3457 1077 3502 wear
1114 3439 1199 3518 wij
1245 3437 1317 3500 de
1360 3438 1649 3502 wonderen
1688 3445 1909 3504 moeten
1954 3439 2378 3503 beschouwenss’
2457 3438 2667 3500 Iisdem
2707 3439 2826 3499 fere
2869 3439 3052 3500 verbis
3086 3438 3417 3500 sententiam
3449 3457 3606 3500 suam

528 3542 795 3624 expressit
849 3541 938 3603 Cl.
980 3559 1291 3604 nomena·
1330 3559 1411 3604 nn
1454 3560 1680 3617 caoor,
1739 3545 1781 3606 1.
1819 3544 1968 3604 intra
2006 3543 2103 3604 cit.
2143 3563 2201 3624 p.
2246 3547 2383 3604 129.
2472 3542 2656 3602 nNiet
2709 3561 2802 3602 om
2854 3541 2954 3602 het
3008 3541 3229 3602 wonder
3265 3542 3478 3618 geloost
3517 3541 3598 3618 gij

526 3643 585 3704 in
622 3661 951 3717 οεδιπυς,
992 3663 1149 3706 maer
1187 3664 1281 3706 om
1322 3663 1611 3708 eumerus
1650 3667 1757 3708 aaa
1798 3645 1899 3710 het
1939 3645 2223 3708 wonder.’'
2266 3677 2349 3690 —
2391 3645 2651 3706 Ceterum
2691 3643 2762 3704 de
2799 3643 2869 3704 iis
2909 3643 3245 3720 Theologis‚
3287 3643 3530 3704 maxime
3571 3663 3604 3704 e

528 3747 733 3808 Schola
786 3747 1153 3824 Argentorati
1206 3749 1467 3829 profectis
1480 3793 1497 3820 ,
1554 3749 1649 3829 qui
1702 3769 1981 3812 summum
2034 3748 2404 3830 principatum
2455 3745 2824 3808 conscientiae
2861 3745 3116 3808 deferunt
3131 3791 3148 3818 ,
3199 3749 3416 3824 legatur
3453 3745 3605 3806 idem

526 3849 621 3910 hic
659 3850 903 3931 scriptor
939 3853 1283 3926 (Waarbeid
1320 3853 1383 3916 in
1418 3853 1619 3928 ziffde,
1666 3853 1857 3924 1857,
1900 3853 2035 3914 fase.
2078 3851 2194 3912 111.
2254 3853 2379 3910 Bet
2411 3855 2652 3926 meten
2685 3867 2752 3909 eu
2789 3851 2886 3910 bet
2925 3849 3278 3925 Euanydie).

610 3953 719 4033 18)
760 3955 1045 4014 Intactam
1083 3955 1407 4030 reliquerat.
1488 3956 1943 4018 commemoratu
1998 3953 2233 4031 dignum
2288 3960 2374 4014 est
2427 3951 2538 4014 hoc
2591 3967 2891 4012 naaman
2945 3949 3190 4012 dietum:
3251 3974 3284 4005 e
3301 3951 3418 4011 Das
3469 3949 3608 4010 fort-

528 4055 813 4121 dauernde
856 4055 1111 4119 Wunder
1164 4056 1266 4119 der
1314 4056 1577 4136 Religion
1618 4059 1793 4120 selbst
1844 4063 2021 4118 muset
2074 4055 2169 4118 dic
2213 4054 2462 4116 Wunder
2517 4053 2976 4116 wahrscheinlioh
3027 4055 3265 4116 macheu
3280 4099 3297 4127 ,
3351 4053 3442 4114 die
3497 4054 3607 4130 bey

526 4159 679 4220 ihrer
718 4165 905 4220 ersten
948 4159 1269 4237 Gn'indung
1308 4161 1489 4222 sollen
1528 4159 1847 4237 geschehen
1888 4155 2087 4236 seyn.'’
2132 4187 2213 4204 -
2254 4157 2431 4218 Recte
2473 4155 2703 4216 omnino
2753 4173 3112 4218 erwns‘rnnns
3150 4172 3446 4218 cassinen
3481 4174 3605 4216 sen·

528 4263 764 4324 tentiam
805 4261 887 4322 sic
926 4263 1210 4342 exposuit=
1297 4289 1328 4317 ι
1345 4263 1605 4324 Lussmc
1658 4263 1839 4322 wollte
1892 4261 1995 4322 auf
2035 4259 2127 4321 die
2168 4258 2523 4320 Historische
2561 4258 3170 4346 Wahmeheinlichkeit
3213 4259 3312 4319 der
3353 4255 3604 4317 Wunder

528 4363 617 4424 die
659 4362 971 4424 Wahrheit
1010 4363 1111 4424 der
1147 4364 1409 4442 Religion
1452 4365 1611 4426 nicht
1648 4363 1966 4442 gegriindet
2011 4363 2192 4424 haben
2210 4407 2227 4436 ,
2283 4361 2531 4423 namlich
2577 4363 2736 4424 nicht
2749 4406 2766 4435 ,
2821 4361 2922 4422 wie
2975 4361 3202 4439 gewisse
3251 4360 3602 4440 Apologeten

528 4487 587 4532 es
624 4467 863 4538 thfiten,
906 4465 1075 4526 allein
1114 4467 1341 4543 darauf,
1384 4466 1535 4528 ohne
1574 4467 1891 4528 Biicksicht
1932 4466 2035 4528 auf
2068 4465 2159 4526 die
2198 4465 2392 4526 iuuere
2427 4463 2758 4537 Wahrheit,
2799 4465 2898 4526 auf
2930 4463 3022 4524 die
3059 4463 3252 4524 innere
3283 4460 3606 4536 Erfahrung

526 4571 625 4634 des
664 4568 1003 4632 Chri-ten?
1086 4568 1195 4632 cni
1251 4571 1560 4634 sententiae
1610 4572 1730 4650 ipsc
1784 4589 2004 4649 quoque
2046 4569 2318 4630 calculum
2358 4587 2518 4630 suum
2559 4565 2799 4630 adiicere
2838 4569 3020 4629 nullus
3060 4563 3354 4628 dubitavit.
3436 4561 3608 4624 Multi

528 4693 659 4739 vero
712 4670 935 4734 nostris
988 4670 1183 4735 diebus
1200 4717 1217 4746 ‚
1270 4673 1332 4734 in
1386 4689 1695 4738 nnssmmo
1748 4672 2173 4750 antesignanum
2226 4671 2530 4734 salutantes
2583 4686 2774 4732 eornm
2788 4714 2807 4743 ,
2862 4668 2960 4748 qui
3001 4667 3118 4728 sive
3169 4665 3436 4726 miracula
3484 4664 3624 4746 sive=

526 4777 703 4858 ipsam
746 4772 1075 4839 Historiam
1111 4775 1275 4854 plane
1313 4774 1602 4848 reiiciuut,
1644 4773 1717 4836 ad
1755 4775 1865 4836 hoc
1906 4771 2129 4836 effatum
2173 4792 2367 4853 parum
2409 4769 2786 4832 attenderunt.

606 4881 719 4954 19)
760 4877 987 4938 Pam·
1008 4879 1359 4952 fructuosum
1396 4878 1533 4940 mihi
1571 4879 1809 4940 υἱάσιν.
1892 4875 2178 4957 Quidquid
2194 4921 2211 4950 ‚
2266 4895 2473 4954 magna
2522 4893 2652 4938 cum
2705 4872 3006 4951 sagacitate
3039 4891 3110 4934 ac
3149 4870 3486 4944 subtilitate,
3529 4871 3602 4932 ab
