4730 6049
1737 690 2015 758 ACTA
2085 692 2210 758 ET
2280 690 2656 759 GESTA.
3603 689 3735 760 385

671 900 804 978 Die
873 903 965 977 31
1019 925 1114 977 m.
1185 899 1510 976 Octobris
1574 898 1744 975 ordo
1797 898 2105 975 decernit
2160 899 2419 1000 gratias
2474 896 2931 973 Curatoribus
2950 956 2971 987 ,
3033 897 3223 997 quod
3272 922 3399 973 suo
3453 897 3737 975 oonsilio

1012 1020 1278 1097 efficere
1323 1020 1646 1110 student,
1697 1027 1780 1095 ut
1821 1021 2170 1098 Athenaei
2209 1044 2320 1097 res
2355 1019 2673 1096 laetiores
2714 1025 2787 1094 et
2834 1017 3201 1119 ampliores
3252 1019 3427 1093 fiant
3442 1051 3463 1108 3
3528 1018 3737 1094 simul

1011 1139 1410 1217 indicantur
1463 1141 1799 1216 nonnulla
1855 1141 2082 1242 capita
2099 1200 2120 1233 ‚
2201 1165 2383 1243 quae
2444 1164 2583 1215 non
2646 1139 3031 1215 omittenda
3104 1138 3211 1214 vel
3264 1139 3474 1239 paulo
3537 1138 3736 1215 aliter

1012 1260 1498 1338 constituenda
1547 1261 1890 1338 videntur.

668 1502 800 1580 Die
868 1505 959 1580 21
1011 1527 1105 1579 m.
1152 1500 1570 1577 Novembris
1616 1500 1742 1575 Vir
1782 1500 1964 1579 Clar.
2007 1526 2071 1575 c.
2115 1524 2186 1576 A.
2226 1525 2277 1575 1.
2315 1524 2387 1575 A.
2423 1522 2860 1589 onmmANS,
2897 1501 3019 1599 qui
3064 1499 3337 1576 decreto
3389 1501 3458 1575 d.
3498 1502 3593 1575 28
3635 1525 3729 1578 m.

1009 1623 1201 1721 Sept.
1269 1621 1406 1695 huc
1463 1627 1745 1696 vocatus
1798 1628 1945 1698 erat
1993 1622 2067 1696 in
2117 1621 2346 1697 locum
2398 1620 2550 1695 Viri
2604 1620 2785 1696 Clar.
2842 1644 2905 1695 ιτ.
2961 1644 3031 1695 Α.
3082 1646 3164 1697 o..
3202 1644 3529 1711 meum„
3592 1621 3729 1697 Bo-

1006 1741 1266 1816 tanices
1318 1740 1710 1831 Professor,
1753 1767 2012 1818 munus
2058 1742 2457 1842 auspicatus
2498 1747 2604 1816 est
2652 1740 2892 1816 habita
2943 1740 3248 1816 oratione
3292 1741 3591 1841 'Belgica
3626 1744 3731 1818 -de

1012 1863 1386 1936 Bolanices
1407 1884 1776 1962 proyreesu
1817 1864 1904 1938 ab
1947 1864 2207 1963 oriyine
2245 1864 2346 1936 ad
2386 1862 2559 1935 hanc
2606 1868 2899 1937 aetatem
2943 1866 3129 1956 (over
3167 1863 3250 1935 de
3265 1862 3729 1959 plantkunde‚

1009 1982 1398 2057 besckouwd
1453 1986 1528 2057 in
1589 1983 1757 2058 bare
1817 1984 2204 2081 trapswijze
2265 1982 2737 2081 ontudkkeliny
2812 2006 2945 2055 van
3004 1984 3089 2056 de
3154 1988 3453 2081 vroeyete
3508 1983 3729 2075 tiq'den

1012 2110 1116 2179 tot
1159 2129 1244 2201 φ
1291 2104 1559 2195 bederz).

1103 2222 1356 2298 Paucis
1431 2222 1680 2299 diebus
1750 2228 1910 2299 ante
2000 2222 2144 2315 (die
2217 2224 2308 2295 10
2384 2246 2476 2299 m.
2546 2221 2758 2314 Nov.)
2844 2220 3031 2296 diem
3098 2220 3272 2297 obiit
3336 2219 3464 2295 Vir
3544 2220 3726 2297 Clar.

1005 2364 1394 2420 suasanus
1455 2366 1775 2434 ποίαις,
1835 2341 2191 2417 Professor
2254 2340 2623 2430 emeritus,
2685 2340 2807 2441 qui
2862 2340 2951 2417 ab
3008 2365 3189 2417 anno
3241 2364 3733 2417 o1o1occxcvn

1008 2484 1296 2537 munere
1365 2462 1778 2537 Professoris
1846 2462 1921 2537 in
1968 2460 2234 2537 Illustri
2276 2460 2638 2536 Athenaeo
2685 2460 2969 2537 functus
3011 2461 3245 2561 plures
3285 2470 3517 2561 partes
3562 2461 3729 2537 artis

1003 2580 1322 2658 Medicas
1366 2606 1490 2681 per
1533 2582 1810 2683 longam
1852 2606 2192 2658 annorum
2241 2580 2484 2656 seriem
2534 2580 2770 2657 docuit
2813 2582 3222 2682 scriptisque
3276 2578 3660 2659 illustravit.

3260 4983 3357 5055 49
