4730 6049
1884 628 2446 703 ORATIO.
3553 639 3681 707 125

616 831 745 909 hoc
795 854 1081 931 quoque
1126 834 1500 910 certamine
1553 835 1795 913 victrix
1842 840 2195 929 manebit3
2247 866 2675 940 quamquam
2694 901 2715 931 ,
2769 849 2849 919 ιιι
2904 843 3131 920 dicam
3185 846 3375 945 quod
3418 848 3677 939 sentio,

614 953 673 1028 si
736 978 847 1029 res
917 953 1019 1033 ita
1068 978 1141 1029 se
1200 954 1531 1046 haberet,
1600 965 1684 1033 ut
1730 959 2049 1035 nonnulli
2104 961 2488 1050 somniant;
2541 962 2601 1037 si
2649 988 2838 1039 nunc
2887 964 3176 1039 demum
3229 965 3440 1064 primi
3483 972 3690 1067 quasi

611 1072 783 1149 radii
848 1074 1027 1150 lucis
1048 1133 1069 1164 ‚
1134 1076 1360 1176 prima
1411 1078 1760 1155 nascentis
1814 1078 1953 1154 diei
2006 1081 2414 1179 crepuscula
2465 1082 2954 1159 allucescerent
2975 1143 2997 1175 ‚
3063 1086 3258 1161 Deus
3319 1088 3684 1188 hucusque

609 1200 751 1268 tam
812 1194 999 1269 male
1066 1196 1373 1271 veritatis
1438 1222 1727 1273 caussae
1772 1200 2269 1289 consuluisset,
2339 1208 2422 1275 ιιι
2471 1202 2585 1277 vix
2641 1204 2884 1280 scirem
2905 1263 2926 1294 ‚
2975 1230 3101 1281 cur
3152 1230 3340 1281 nune
3391 1207 3684 1285 demum

609 1312 885 1389 laetiora
954 1321 1029 1389 et
1092 1314 1377 1391 meliora
1441 1342 1716 1417 sperare
1784 1326 1857 1392 et
1918 1324 2313 1417 exspectare
2375 1319 2628 1397 liceret.
2729 1321 3006 1399 Veritas
3071 1330 3304 1400 tamen
3360 1325 3558 1419 (haec
3607 1334 3680 1401 et

608 1456 759 1508 mea
800 1441 909 1509 est
951 1433 1351 1511 firmissima
1401 1439 1829 1536 persuasio),
1879 1438 2033 1513 Deo
2080 1437 2510 1515 moderatore
2557 1447 2629 1516 et
2679 1444 2958 1543 auspice
2975 1502 2996 1533 ‚
3049 1443 3292 1519 victrix
3340 1443 3673 1524 manebit.

608 1552 891 1629 Utinam
940 1576 1187 1630 omnes
1240 1554 1607 1657 Theologi‚
1660 1558 1968 1634 veritatis
2022 1558 2240 1633 amori
2288 1559 2426 1635 Dei
2472 1586 2778 1639 amorem
2829 1564 3364 1665 coniungentes,
3414 1566 3546 1641 hoc
3595 1565 3670 1639 in

613 1672 777 1747 votis
850 1698 933 1749 ae
1006 1674 1331 1775 precibus
1398 1676 1704 1753 habeant
1773 1678 2315 1755 ardentissimis:
2401 1682 2604 1757 nFac
2671 1710 2775 1758 me
2851 1691 3062 1759 tecum
3125 1711 3323 1760 unum
3344 1744 3365 1774 ‚
3443 1687 3671 1774 Deus,

602 1799 883 1869 aeterna
960 1794 1243 1871 Veritas
1264 1797 1363 1889 ⁶⁴)
1394 1798 1473 1871 !”
1596 1799 1694 1873 Et
1760 1798 1873 1873 Tu
1894 1856 1915 1887 ‚
1982 1798 2102 1872 Sol
2153 1798 2498 1875 iustitiae!
2568 1801 2890 1902 disperge
2935 1802 3228 1879 nebulas
3277 1814 3350 1877 et
3401 1810 3673 1903 praesta

605 1912 705 1989 ΤΘ
750 1938 1138 2015 numquam
1186 1940 1596 1993 occasurum
1643 1918 1881 1997 lumen
1930 1916 2216 1993 mundi!

691 2630 911 2709 Quod
972 2632 1187 2707 veteri
1248 2632 1754 2709 consuetudine
1828 2640 2185 2734 receptum
2256 2633 2586 2733 regioque
2657 2634 2932 2709 decreto
2991 2634 3336 2710 sancitum
3389 2643 3534 2724 est,
3586 2642 3667 2711 ιιι

596 2750 847 2826 Rector
863 2809 885 2842 ,
960 2760 1339 2852 antequam
1403 2754 1894 2855 magistratum
1962 2778 2173 2829 suum
2248 2754 2626 2829 successori
2696 2754 2969 2842 tradat,
3038 2754 3458 2830 Academiae
3523 2754 3666 2829 fata

594 2878 1126 2960 commemoret,
1200 2872 1277 2947 id
1339 2880 1411 2948 et
1476 2874 1651 2949 mihi
1716 2873 1984 2949 solenni
2035 2873 2165 2949 hoe
2210 2873 2324 2948 die
2369 2874 2766 2949 iniunctum
2815 2874 3034 2951 video.
3135 2875 3288 2949 Nec
3337 2897 3503 2950 sane
3557 2873 3662 2947 di-

592 2991 796 3068 cendi
840 2992 1046 3067 deest
1118 2994 1471 3071 materies.
1590 2993 1778 3071 Mira
1848 2994 2153 3094 quadam
2219 3018 2453 3071 rerum
2517 2993 2990 3072 vicissitudine
3061 3001 3167 3069 tot
3229 2994 3519 3072 adversa
3591 3001 3665 3071 et

590 3137 957 3213 prospera,
1024 3121 1175 3190 tam
1237 3115 1419 3192 laeta
1479 3123 1553 3190 et
1616 3116 1842 3192 tristia
1860 3175 1881 3206 ‚
1950 3141 2063 3192 me
2114 3116 2447 3205 Rectum,
2499 3115 2970 3191 exhilararunt
3016 3115 3125 3191 vel
3171 3115 3664 3214 depresserunt

594 3233 905 3308 animum
925 3292 948 3325 ‚
1019 3242 1102 3310 ut
1166 3259 1409 3312 eorum
1476 3237 1779 3313 narratio
1796 3295 1819 3328 ‚
1886 3237 2023 3312 nisi
2092 3236 2261 3313 satis
2314 3236 2581 3337 prolixa
2623 3235 3109 3336 praecessisset
3157 3235 3375 3310 oratio
3393 3294 3414 3324 ,
3463 3236 3662 3322 facile

588 3359 819 3430 totum
882 3354 1165 3430 dicendi
1220 3362 1501 3457 tempus
1544 3359 2058 3434 consumsisset.
2162 3359 2377 3433 Nunc
2426 3373 2584 3434 'vero
2635 3356 2709 3430 in
2755 3356 2844 3432 iis
2889 3355 3514 3431 commemorandis
3561 3357 3662 3432 ita

588 3474 913 3550 versabor
934 3533 957 3565 ,
1027 3482 1111 3550 ut
1175 3475 1354 3552 bene
1420 3478 1645 3553 multa
1706 3477 1931 3554 obiter
1995 3487 2281 3577 tangam
2298 3535 2319 3566 ‚
2371 3501 2552 3576 quae
2599 3474 2918 3550 lubenter
2970 3473 3255 3548 uberius
3301 3475 3658 3574 exposuis-

590 3617 735 3670 sem
756 3653 779 3684 ‚
851 3601 925 3670 et
986 3620 1031 3670 a
1090 3595 1410 3672 tristibus
1484 3605 1557 3672 et
1620 3597 1925 3674 adversis
1973 3598 2335 3673 exordium
2380 3604 2615 3696 petam
2632 3652 2652 3685 ‚
2705 3595 2964 3695 quibus
3014 3618 3340 3694 prospera
3386 3618 3467 3669 ac
3518 3594 3657 3669 lae-

586 3713 765 3790 tiora
814 3717 1211 3793 succedant.
1314 3717 1533 3796 Quod
1574 3726 1953 3818 utrumque
1996 3741 2125 3794 nec
2166 3717 2401 3806 vobis,
2449 3717 2541 3792 A.
2571 3716 2712 3791 H.!
2763 3715 3223 3789 iniucundum
3267 3713 3413 3788 fore
3459 3714 3652 3790 duxi.

686 3837 929 3916 Quam
998 3836 1219 3913 tristis
1286 3862 1365 3911 ac
1434 3836 1752 3938 lugubris
1772 3896 1792 3927 ,
1842 3839 1972 3913 hoc
2025 3863 2209 3912 anno
2270 3837 2592 3926 ineunte,
2641 3836 2814 3910 Dies
2863 3834 3110 3910 natalis
3163 3833 3405 3924 fuerit,
3454 3833 3658 3910 nobis

586 3955 919 4038 omnibus
962 3956 1223 4032 recenti
1273 3967 1585 4032 servatur
1626 3957 1982 4034 memoria.
2084 3957 2432 4033 Gravibus
2481 3957 2710 4032 adhuc
2759 3955 2990 4032 saucia
3030 3954 3433 4030 vulneribus
3476 3956 3656 4031 Aca-

588 4074 821 4152 demia
852 4076 1529 4154 Rheno-Traiectina
1546 4135 1569 4166 ‚
1620 4078 1899 4155 dolebat
1948 4105 2029 4154 ac
2071 4077 2360 4178 lugebat
2401 4077 2830 4178 inopinatam
2873 4082 3166 4151 mortem
3211 4061 3652 4151 desideratis-

590 4194 752 4271 simi
804 4196 933 4272 viri
981 4220 1233 4272 neom
1258 4219 1409 4270 van
1434 4221 1675 4288 nam„
1724 4199 1925 4274 cuius
1970 4199 2368 4299 sepulcrum
2416 4197 2529 4272 vix
2567 4197 2880 4271 clausum
2924 4202 3108 4283 erat;
3158 4194 3359 4268 cuius
3405 4193 3651 4294 imagi-

586 4339 753 4392 nem
788 4317 939 4405 Tu,
980 4317 1563 4393 aestumatissime
1600 4319 1967 4394 Hammo!
2011 4318 2187 4394 veris
2226 4343 2305 4394 ac
2353 4316 2600 4390 vividis
2636 4313 2983 4391 coloribus
3009 4312 3211 4387 nobis
3243 4312 3646 4410 depinxisti;

584 4434 787 4511 cuius
834 4435 1137 4536 effigiem
1160 4493 1181 4524 ,
1232 4459 1553 4512 serenum
1614 4437 1815 4514 illum
1864 4438 2291 4537 hilaremque
2340 4435 2612 4512 vultum
2630 4493 2652 4525 ‚
2701 4435 2775 4510 in
2825 4432 3146 4508 senaculo
3193 4431 3449 4506 intueri
3487 4455 3647 4507 nos-

582 4555 713 4630 tris
758 4555 1013 4632 animis
1029 4613 1051 4645 ,
1100 4556 1445 4655 optimum
1492 4556 2215 4658 humanissimumque
2264 4557 2490 4632 virum
2531 4555 2930 4632 etiamnunc
2968 4549 3375 4650 lugentibus
3391 4607 3413 4639 ‚
3459 4550 3650 4626 dulci

583 4683 694 4751 est
753 4676 1023 4753 solatia
1124 4677 1279 4752 Nec
1345 4673 1523 4752 votis
1590 4701 1671 4754 ac
1734 4676 2057 4777 precibus
2117 4677 2372 4752 nostris
2389 4734 2410 4766 ,
2484 4683 2568 4750 ut
2620 4674 2732 4750 hic
2747 4732 2768 4763 ‚
2832 4672 2957 4774 qui
3021 4693 3210 4744 nunc
3259 4667 3650 4770 praeteriit,

588 4819 819 4872 annus
888 4795 1041 4872 sine
1104 4795 1249 4872 ulla
1300 4795 1494 4872 clade
1556 4789 1774 4886 esset,
1825 4795 2075 4872 unicus
2124 4802 2195 4870 et
2242 4818 2562 4870 summus
2612 4816 2842 4888 rerum
2885 4791 3350 4868 humanarum
3399 4787 3646 4866 Mode-
