4730 6049
1835 654 2394 722 ORATIO.
3570 655 3659 722 65

691 865 946 962 Itaque
999 864 1060 938 si
1108 887 1338 963 neque
1387 863 1782 962 argumenti
1833 865 2061 964 n‘eque
2112 887 2268 939 mea
2320 862 2495 937 ratio
2545 861 2783 937 veniae
2837 862 3309 963 impetrandae
3364 862 3660 938 necessi-

597 991 810 1058 tatem
886 991 1283 1081 praetexere
1353 982 1583 1058 sinant
1602 1041 1622 1072 ,
1693 1007 1923 1058 nonne
1949 1009 1956 1016 ·
1983 991 2215 1058 tamen
2239 1039 2260 1070 ,
2331 981 2429 1055 sic
2486 979 2695 1055 audio
2746 978 3235 1078 obloquentem
3255 1039 3276 1069 ,
3328 978 3481 1079 ipsa
3530 979 3661 1056 tibi

597 1101 928 1179 mandata
970 1103 1324 1202 provincia
1341 1161 1362 1192 ‚
1414 1111 1726 1203 separata
1776 1127 1954 1202 quae
2003 1103 2142 1178 iam
2195 1109 2305 1177 est
2345 1124 2389 1175 a
2432 1099 2601 1174 iuris
2643 1099 2945 1175 Romani
2990 1099 3283 1174 docendi
3328 1124 3615 1176 munere
3633 1159 3655 1190 ,

597 1224 1080 1298 necessitatem
1142 1224 1334 1299 illam
1393 1247 1640 1324 urgere
1707 1223 2035 1297 videtur?
2135 1221 2352 1296 Haud
2422 1221 2561 1295 scio
2612 1245 2702 1296 an
2757 1220 2879 1319 qui
2922 1221 3327 1296 affirmando
3372 1245 3657 1321 respon·
3800 1223 3811 1238 '

599 1341 808 1430 dent,
875 1343 975 1417 sic
1020 1353 1234 1443 agant
1279 1368 1366 1418 ex
1416 1349 1649 1418 mente
1699 1342 1998 1416 virorum
2049 1341 2638 1442 amplissimorum
2694 1364 2991 1440 quorum
3040 1341 3335 1439 sapienti
3373 1342 3659 1418 consilio

601 1471 672 1536 et
715 1462 1126 1538 auctoritate
1172 1463 1362 1538 illam
1415 1462 1914 1563 separationem
1959 1462 2425 1536 introductam
2481 1485 2629 1535 esse
2678 1461 2895 1536 laetor
2939 1505 3036 1521 —
3084 1461 3409 1558 equidem
3454 1486 3611 1538 vero
3632 1521 3655 1553 ,

600 1581 710 1656 hic
765 1581 1094 1656 sollennia
1147 1582 1296 1656 dies
1343 1606 1431 1656 ne
1485 1606 1792 1680 unquam
1845 1581 2229 1668 illuxisset,
2280 1579 2511 1654 .velim
2532 1637 2553 1668 ‚
2632 1583 2693 1654 si
2757 1581 2947 1655 illam
3016 1580 3513 1656 seiunctionem
3564 1583 3659 1658 ad

601 1701 1010 1801 penitiorem
1064 1703 1372 1800 partium
1415 1701 1882 1800 cognitionem
1927 1701 2385 1798 intimamque
2432 1699 2796 1798 utriusque
2840 1699 3055 1774 studii
3099 1681 3661 1779 coniunctionem

599 1821 1054 1909 destinatam,
1122 1830 1480 1921 tamquam
1543 1821 2019 1896 liberationem
2068 1819 2241 1893 iuris
2287 1819 2495 1918 patrii
2542 1844 2585 1895 a
2638 1821 2788 1920 iure
2834 1821 3152 1894 Romano
3196 1821 3655 1898 celebrareml

602 1939 819 2019 Quod
859 1940 1146 2038 quidem
1189 1942 1454 2016 nemini
1503 1941 1824 2039 iniquum
1871 1941 1978 2016 vel
2029 1939 2337 2040 asperius
2388 1939 2655 2014 dictum
2708 1940 3055 2014 videbitur
3076 1997 3096 2028 ,
3150 1940 3274 2039 qui
3322 1949 3483 2016 ante
3531 1941 3657 2017 hos

603 2059 780 2134 duos
829 2083 1104 2134 menses
1157 2060 1378 2135 virum
1423 2060 1530 2138 Cl.
1551 2119 1572 2150 ,
1622 2060 1739 2135 cui
1784 2060 1955 2135 iuris
2001 2058 2303 2134 Romani
2351 2057 2645 2132 docendi
2704 2060 3051 2158 provincia
3096 2059 3170 2134 in
3217 2059 3346 2135 hac
3390 2060 3657 2137 Acade-

601 2179 746 2254 mia
807 2188 916 2254 est
987 2179 1352 2268 mandata,
1427 2179 1830 2278 eloquenter
1891 2189 1962 2254 et
2029 2205 2116 2254 ex
2174 2179 2425 2253 intimo
2482 2187 2757 2279 pectore
2816 2179 3155 2254 audiverit
3207 2179 3661 2258 disserentem

607 2298 742 2373 ude
809 2298 1046 2372 studio
1108 2298 1278 2373 iuris
1338 2298 1642 2374 Romani
1713 2301 1842 2375 hac
1911 2324 2191 2399 quoque
2257 2306 2483 2376 aetate
2534 2299 2607 2372 in
2655 2299 2879 2397 patria
2926 2307 3161 2373 nostra
3216 2301 3663 2378 excolend0.”

604 2399 1050 2516 Quapropter
1096 2417 1284 2492 hunc
1327 2417 1669 2520 imprimis
1716 2419 1974 2494 divisae
2021 2419 2409 2519 provinciae
2454 2419 2759 2493 fructum
2806 2418 2951 2492 fore
2996 2444 3195 2517 spero
3246 2429 3457 2519 atque
3502 2447 3665 2496 con-

601 2535 748 2610 fido
799 2544 880 2610 ut
929 2561 1016 2610 ex
1063 2536 1370 2612 interiori
1422 2538 1594 2612 iuris
1641 2540 1941 2615 Romani
1987 2539 2220 2614 studio
2275 2545 2537 2612 crescat
2578 2536 3117 2636 iurisprudentia
3168 2540 3431 2639 patriae
3475 2541 3670 2640 vigor

605 2664 678 2730 et
746 2655 1210 2754 praestantia!
1331 2658 1664 2733 Materies
1743 2659 1914 2734 iuris
1979 2658 2184 2758 patrii
2252 2657 2569 2732 hodierni
2628 2681 2953 2754 magnam
3021 2665 3287 2757 partem
3366 2685 3453 2733 ex
3515 2660 3665 2736 iure

612 2772 1029 2848 Germanico
1097 2775 1190 2848 sit
1251 2775 1592 2865 derivata,
1661 2775 2142 2851 Germanicam
2193 2775 2381 2849 illius
2434 2773 2736 2849 indolem
2788 2776 3153 2852 ostendere
3210 2767 3527 2878 pulcrum
3576 2780 3669 2854 sit

607 2902 680 2970 et
721 2892 894 2966 iuris
946 2895 1152 2993 patrii
1201 2896 1435 2970 studio
1477 2921 1912 2996 summopere
1953 2895 2356 2997 proficiens3
2423 2893 2615 2970 haud
2658 2895 2996 2972 minorem
3042 2898 3347 2996 profecto
3395 2909 3669 2999 partem

608 3036 693 3085 ex
767 3011 920 3087 iure
998 3013 1317 3091 Romano
1380 3017 1683 3093 mutuati
1767 3043 2064 3108 sumus;
2149 3005 2376 3116 neque
2448 3016 2924 3093 Romanorum
3000 3019 3335 3097 ICtorum
3413 3021 3668 3097 illustri

607 3133 924 3231 exemplo
993 3141 1146 3208 tuto
1221 3160 1446 3211 carere
1513 3161 1890 3237 possumus
1963 3138 2024 3212 si
2097 3160 2253 3213 vere
2323 3136 2621 3237 patriam
2690 3138 2891 3213 nobis
2956 3138 3314 3215 efformare
3377 3142 3670 3218 velimus

607 3252 1254 3352 iurisprudentiam.

703 3374 985 3452 Quodsi
1031 3400 1194 3473 prae
1239 3375 1391 3450 aliis
1435 3375 1760 3451 omnibus
1809 3381 2110 3453 maxime
2157 3377 2369 3453 etiam
2414 3377 2911 3475 interpretandi
2954 3386 3100 3453 arte
3138 3380 3435 3455 Romani
3474 3404 3669 3479 prae·

611 3502 836 3583 stant,
888 3494 1168 3569 illorum
1212 3505 1578 3596 praecepta
1619 3504 1690 3570 et
1733 3498 2008 3597 regulas
2055 3499 2190 3573 huc
2227 3496 2647 3596 pertinentia
2685 3520 2767 3570 eo
2802 3488 3204 3596 diligentius
3242 3498 3673 3575 observanda

610 3621 816 3687 erunt
865 3638 1006 3711 quo
1057 3614 1278 3713 magis
1308 3614 1400 3689 ad
1439 3639 1680 3690 eorum
1709 3617 2204 3717 interpretandi
2235 3616 2573 3693 rationem
2602 3616 3012 3691 imitandam
3043 3618 3352 3694 incitent.
3404 3618 3675 3693 Crescit

607 3744 1136 3832 praeceptorum
1179 3733 1458 3809 illorum
1501 3746 1933 3843 momentum
1975 3763 2115 3837 quo
2153 3736 2587 3836 frequentius
2631 3736 2801 3810 iuris
2844 3736 3237 3811 recentioris
3264 3735 3673 3837 interpretes

609 3852 702 3927 ad
737 3852 858 3927 illa
903 3877 1268 3951 provocare
1317 3854 1622 3945 soleant,
1673 3880 1802 3930 nec
1845 3879 1998 3930 raro
2036 3880 2177 3929 non
2225 3854 2405 3929 bene
2454 3853 2801 3928 intellecta
2855 3853 2930 3927 in
2979 3854 3278 3931 abusum
3332 3865 3624 3935 vertant.

713 3973 918 4051 Quae
967 3996 1192 4072 quum
1239 3972 1340 4048 ita
1391 3973 1567 4063 sint,
1637 3975 1727 4049 ab
1777 3976 1904 4051 hac
1955 3975 2471 4076 opportunitate
2522 3996 2662 4047 non
2721 3973 3025 4049 alienum
3074 3975 3247 4049 mihi
3298 3976 3522 4051 visum
3568 3983 3676 4053 est

609 4091 947 4167 disserere
1000 4093 1086 4167 de
1131 4093 1534 4169 huiusmodi
1580 4095 1928 4195 praecepti
1978 4120 2112 4170 usu
2151 4094 2224 4169 in
2265 4092 2801 4194 interpretandis
2844 4093 3081 4193 legum
3124 4094 3466 4194 imprimis
3508 4096 3671 4172 civi-

613 4210 786 4285 lium
851 4210 1230 4288 codicibus.
1330 4213 1507 4288 Dico
1573 4212 1861 4288 effatum
1917 4234 2164 4299 cmm,
2227 4210 2817 4311 simplicissimum
2873 4210 3090 4299 illud,
3155 4212 3345 4311 quod
3393 4220 3669 4290 tantum

613 4352 752 4404 non
814 4353 1058 4403 omnes
1100 4330 1174 4405 in
1229 4354 1344 4405 ore
1386 4330 1683 4405 habent:
1793 4359 1830 4399 n
1854 4328 2040 4403 Scire
2083 4328 2272 4427 leges
2319 4352 2460 4403 non
2506 4327 2637 4403 hoc
2688 4354 2839 4406 esse
2888 4330 3095 4405 verba
3146 4356 3384 4405 earum
3436 4339 3669 4407 tenere

617 4448 766 4523 sed*
793 4449 934 4524 vim
987 4476 1068 4525 ac
1114 4452 1604 4549 potestatem.'’

713 4568 860 4643 Vos
899 4578 1138 4645 autem
1157 4627 1178 4660 ,
1225 4571 1416 4647 AA.!
1469 4594 1590 4658 ea,
1642 4594 1820 4669 quae
1872 4575 2097 4644 vestra
2147 4575 2254 4643 est
2302 4566 2784 4645 benevolentia
2823 4578 3033 4667 atque
3082 4568 3513 4644 humanitate
3555 4592 3670 4643 me

621 4686 958 4777 audiatis,
1009 4688 1140 4765 hoc
1175 4691 1518 4792 imprimis
1559 4689 1920 4766 vobiscum
1955 4697 2354 4789 reputantes
2391 4688 2771 4763 orationem
2811 4688 3097 4787 quidem
3136 4711 3250 4762 me
3286 4713 3437 4765 esse
3476 4687 3673 4763 habi·

623 4813 896 4896 turum,
947 4808 1119 4884 iuris
1162 4817 1397 4887 tamen
1444 4810 1662 4887 civilis
1711 4810 2156 4912 interpretem
2175 4868 2196 4899 ‚
2247 4832 2387 4883 non
2440 4816 2777 4884 oratorem
2797 4865 2818 4897 ,
2870 4807 2960 4882 ad
3011 4831 3132 4882 vos
3180 4807 3387 4884 verba
3429 4808 3673 4886 facere.

3287 4933 3334 5003 9
