4730 6049
1020 657 1106 721 40
1771 653 2104 722 PROGRA
2113 655 2286 720 MMA
2332 654 2821 721 CERTAMIMS
2867 652 3304 720 LITERARII.

1426 888 1553 960 AB
1605 886 1980 960 ORDINE
2032 883 2763 959 PHILOSOPHIAE
2814 881 3481 957 THEORETchE
3534 882 3655 956 ΕΤ

1869 1003 2453 1080 LITERARUM
2500 1003 3221 1108 HUMANIORUM.

2514 1223 2577 1297 Ι.

1117 1368 1238 1439 Eoe
1289 1369 1538 1439 Atticis
1596 1367 1999 1440 Oratoribus
2039 1371 2110 1438 et
2154 1364 2397 1437 Poetis
2441 1364 2744 1449 comicis,
2795 1365 3036 1461 quibus
3076 1363 3375 1437 Plautus
3424 1366 3906 1464 sl'erentiusque
3941 1368 4063 1441 ad-

1017 1487 1301 1572 dantur,
1369 1487 1874 1560 Atheniensium
1937 1487 2270 1583 inyenium
2330 1491 2403 1556 et
2444 1506 2695 1569 mores,
2745 1485 2981 1582 quales
3022 1485 3095 1555 in
3142 1486 3285 1556 vita
3318 1487 3605 1582 privata
3652 1487 4061 1583 conspiciun-

1018 1612 1128 1676 tm·
1145 1661 1167 1694 ,
1215 1614 1530 1680 accurate
1573 1614 1644 1680 et
1680 1608 2022 1704 eleyanter
2067 1604 2553 1678 describantur.

2494 1767 2587 1842 ΙΙ.

1111 1909 1523 2008 Bisquieitio
1589 1913 1826 1985 critica
1901 1915 1985 1985 de
2061 1914 2550 2012 siqnificatione
2624 1917 2695 1984 et
2764 1912 3022 2010 oriyine
3089 1913 3626 1984 terminationum
3649 1969 3669 1999 ,
3749 1913 3822 1984 in
3893 1937 4065 2012 quae

1017 2038 1263 2102 eoeezcnt
1311 2032 1581 2104 nomina
1630 2033 1889 2106 urbium
1931 2041 2002 2108 et
2035 2059 2361 2131 payorum
2416 2035 2488 2105 in
2527 2032 2771 2128 patria
2815 2038 3068 2106 nostra.

1120 2150 1460 2240 (Kritisch
1525 2154 1894 2225 onderzoek
1956 2179 2132 2226 naar
2194 2156 2279 2226 de
2343 2153 2719 2226 beteekenis
2771 2177 2853 2225 en
2901 2153 3029 2225 den
3072 2175 3430 2247 oorsprony
3482 2176 3612 2222 van
3659 2153 3743 2224 de
3790 2176 4055 2227 naama-

1015 2271 1374 2368 uityanqen
1414 2273 1537 2344 der
1583 2274 1816 2346 steden
1857 2299 1940 2346 en
1990 2275 2241 2371 dorpen
2284 2274 2360 2346 in
2404 2295 2524 2344 ons
2567 2271 2997 2362 vaderland.)

1110 2391 1225 2463 Ad
1267 2391 1442 2465 hanc
1491 2391 1970 2490 quaestionem
2015 2392 2239 2492 patrio
2289 2414 2603 2466 sermone
2650 2390 2780 2464 erit
2825 2389 3408 2490 respondendum.

1107 2870 1735 2945 commentationes
1755 2928 1775 2958 ,
1844 2870 2058 2944 latina
2131 2870 2442 2945 oratione
2506 2869 3041 2945 conscribendae
3062 2926 3083 2956 ‚
3152 2867 3285 2942 nisi
3347 2869 3600 2943 diserte
3665 2869 3872 2967 patrii
3924 2893 4063 2944 ser-

1008 2990 1232 3065 monis
1291 3015 1461 3065 usus
1538 2989 1996 3091 praescriptus
2061 2997 2186 3065 aut
2245 3013 2615 3066 concessus
2674 2996 2811 3078 est,
2862 2997 2935 3064 et
2980 2986 3201 3065 aliena
3257 3013 3471 3064 manu
3523 2987 4017 3065 describendae
4038 3049 4059 3080 ‚

1009 3118 1168 3185 ante
1237 3110 1424 3184 diem
1482 3112 1521 3183 Ι
1583 3133 1676 3185 m.
1745 3109 2148 3186 Decembris
2208 3111 2421 3186 huius
2480 3110 2648 3186 anni
2718 3110 3089 3185 mittuntor
3146 3110 3235 3185 ad
3284 3109 3535 3183 Virum
3581 3109 4061 3185 Clarissimum

1013 3253 1336 3303 summm
1379 3252 1802 3317 wsssnme,
1852 3229 2269 3305 Academiae
2311 3230 2748 3305 Actuarium.
2854 3228 3185 3327 Singulae
3226 3229 3551 3303 lemmate
3592 3229 4059 3305 inscribuntor

1007 3349 1616 3448 adiunguntorque
1687 3348 2054 3424 schedulae
2117 3349 2525 3450 obsignatae
2544 3408 2566 3438 ,
2638 3348 3049 3450 scriptorum
3120 3349 3401 3423 nomina
3468 3356 3539 3423 et
3614 3349 4057 3450 praenomina

1005 3468 1277 3569 integra
1319 3469 1789 3559 continentes,
1840 3470 2224 3569 eodemque
2274 3471 2599 3546 lemmate
2648 3472 3073 3544 extrinsecus
3115 3468 3499 3543 distinctae.

1105 3590 1454 3665 Ordinum
1519 3592 1606 3664 de
1668 3590 2393 3666 commentationibus
2450 3590 2708 3666 iudicia
2769 3589 3407 3689 pronuntiabuntur
3425 3648 3446 3678 ‚
3496 3590 4057 3691 optimatumque

1004 3712 1666 3786 commentationum
1712 3710 2198 3813 scriptoribuS‚
2249 3709 2732 3808 disquisitione
2778 3716 2939 3784 ante
2979 3710 3301 3787 instituta
3320 3768 3341 3800 ‚
3390 3711 3696 3811 praemia
3742 3710 4051 3788 tribuen-

1006 3839 1122 3903 tur
1171 3832 1322 3930 ipso
1370 3832 1482 3905 die
1531 3832 1950 3908 Academiae
2004 3831 2220 3907 natali
2272 3856 2336 3907 a.
2386 3854 2865 3907 c1oiocccnx1.
