4730 6049
1645 657 2034 724 SERIES
2102 655 2766 726 LECTIONUM.
3647 658 3732 725 93

1063 872 1138 939 et
1191 863 1307 939 die
1360 863 1593 955 Iovis„
1635 917 3333 942 ........................
3364 865 3532 943 hora
3551 865 3724 941 XII.

868 984 1345 1083 Antiquitates
1412 982 1886 1067 Israelitarum
1956 982 2373 1084 explicabit,
2428 984 2677 1061 diebus
2739 983 2981 1060 Lunae
2999 1043 3020 1074 ,
3087 985 3340 1061 Martis

962 1112 1038 1179 et
1078 1102 1411 1180 Mercurii
1420 1159 3334 1192 ...........................
3553 1102 3729 1179 XII.

867 1224 1411 1300 Grammaticam
1473 1222 1893 1299 Sanscritam
1954 1222 2265 1314 docebit,
2330 1224 2446 1300 die
2505 1233 2578 1300 et
2639 1223 2826 1299 horis
2876 1221 3340 1299 Auditoribus

962 1342 1368 1419 commodis.

672 1473 746 1534 Τ.
786 1472 859 1535 G.
894 1472 949 1533 1.
988 1471 1402 1534 IUYNBOLL
1451 1462 1805 1537 Sermonis
1848 1462 2159 1538 Hebraei
2200 1463 2542 1538 elementa
2580 1461 2808 1539 tradet
2823 1520 2846 1552 ,
2889 1484 3052 1537 cum
3088 1461 3338 1535 Gram-

771 1579 1019 1656 matica
1060 1580 1469 1681 explicanda
1486 1639 1507 1669 ,
1556 1589 1714 1659 tum
1756 1582 2117 1681 analyticis
2158 1582 2528 1690 Exercitiis
2569 1580 3010 1659 moderandis
3027 1638 3048 1670 ,
3089 1579 3340 1654 diebus

770 1698 1043 1789 Lunae,
1092 1700 1347 1775 Martis
1367 1759 1389 1795 ,
1437 1701 1771 1777 Mercurii
1816 1709 1889 1777 et
1938 1702 2123 1778 Iovis
2142 1757 3334 1790 .................
3522 1697 3726 1773 VIII.

864 1820 1257 1895 Literarum
1325 1820 1783 1897 Arabicarum
1803 1880 1824 1912 ,
1894 1822 2428 1897 Chaldaicarnm
2493 1827 2565 1897 et
2633 1821 3070 1919 Syriacarum
3142 1819 3342 1895 initia

962 1939 1239 2015 docebit
1282 1939 1490 2035 (duce
1522 1940 1629 2017 01.
1663 1964 1999 2031 noonns,
2049 1966 2373 2031 munuc,
2404 1946 2894 2033 nnnmmno)
2919 1998 2940 2029 ,
2969 1939 3083 2016 die
3109 1940 3296 2015 Iovis
3315 1998 3336 2029 ,
3646 1939 3686 2012 I
3708 1997 3726 2025 ,

1057 2064 1131 2133 et
1170 2058 1422 2136 diebus
1464 2059 1757 2137 Veneris
1798 2069 1872 2137 et
1912 2062 2196 2137 Saturni
2219 2116 3336 2151 ................
3536 2058 3724 2133 VIII.

865 2176 1047 2251 Cum
1073 2178 1617 2276 provectioribus
1644 2180 2022 2284 Discipulis
2064 2182 2666 2257 Chrestomatkiam
2696 2181 3091 2269 Arabicam,
3123 2202 3340 2279 quam

956 2296 1161 2373 Doct.
1234 2322 1350 2374 ru.
1418 2324 1489 2374 A.
1543 2323 1883 2388 annom),
1944 2308 2017 2374 et
2082 2301 2447 2375 Diwbnum
2517 2296 3020 2373 Amro'l-Kaisi
3035 2356 3056 2388 ,
3127 2322 3334 2397 quem

959 2415 1162 2501 Doct,
1212 2440 1308 2492 nn
1356 2441 1590 2493 sumn
1634 2419 1858 2495 edidit
1879 2478 1900 2509 ,
1951 2420 2177 2519 leget,
2226 2418 2342 2494 die
2390 2419 2632 2493 Lunae
2651 2475 3329 2506 ..........
3622 2419 3724 2493 ΙΙ.

864 2534 1212 2612 Koranum
1226 2595 1247 2626 ,
1299 2536 1413 2612 die
1470 2538 1802 2614 Mercurii
1824 2595 1846 2628 ,
1912 2596 1931 2614 .
2001 2593 3332 2615 ...................
3622 2536 3723 2614 ΙΙ.

862 2653 946 2727 In
1017 2656 1222 2731 Oodd.
1271 2658 1501 2733 MSS.
1553 2659 1767 2733 Arab.
1818 2657 2133 2757 legendis
2182 2666 2255 2732 et
2301 2656 2836 2756 interpretandis
2876 2681 3036 2734 cum
3083 2656 3334 2731 iisdem

958 2799 1240 2874 operam
1304 2788 1553 2876 ponet,
1622 2778 1739 2853 die
1787 2777 2079 2857 Veneris
2130 2785 2202 2853 et
2247 2777 2530 2853 Saturni
2585 2830 3330 2854 ...........
3623 2777 3726 2851 ΙΙ.

650 2908 711 2967 Ι.
756 2904 841 2967 Η.
878 2905 1287 2969 STUFFKEN
1332 2897 1665 2997 Logicam
1725 2897 1994 2989 tradet,
2049 2898 2162 2973 die
2210 2896 2435 2986 Iovis,
2505 2952 3324 2974 ............
3568 2894 3684 2969 IX
3702 2954 3722 2982 ,

1055 3026 1127 3092 et
1192 3016 1306 3092 die
1366 3017 1692 3109 Veneris,
1758 3075 1777 3096 .
1845 3073 3330 3097 ......................
3419 3013 3532 3090 XI
3564 3022 3636 3089 et
3664 3015 3724 3089 Ι.

860 3135 1411 3236 Metaphysicam
1459 3137 1774 3231 docebit,
1825 3141 2075 3216 diebus
2114 3140 2370 3216 Martis
2411 3147 2484 3216 et
2521 3138 2853 3214 Mercurii
2868 3196 2889 3226 ,
2949 3196 3328 3214 ......
3343 3185 3348 3190 -
3629 3133 3726 3212 X.

862 3255 1247 3332 Historiam
1278 3257 1763 3358 Philosophiae
1796 3260 2209 3362 explicabit,
2256 3257 2505 3336 diebus
2548 3259 2792 3334 Lunae
2840 3266 2915 3333 et
2956 3257 3142 3332 Iovis
3161 3314 3182 3346 ,
3235 3314 3251 3333 .
3310 3315 3326 3331 .
3549 3255 3721 3332 XII.

860 3375 1411 3476 Paedagogicam
1489 3388 1822 3478 exponet,
1898 3379 2148 3454 diebus
2218 3385 2291 3452 et
2355 3376 2545 3452 horis
2611 3375 3074 3451 Auditoribus
3139 3397 3326 3450 com·

951 3495 1200 3570 modis.
1319 3561 1329 3566 -

647 3627 729 3688 0.
773 3625 850 3688 G.
886 3625 1149 3688 COBET
1196 3615 1768 3715 interpretabitur
1806 3639 2177 3693 nonaxon
2199 3675 2221 3706 ,
2273 3639 2730 3693 nnaono'rmu
2781 3622 2853 3690 et
2897 3637 3320 3690 nnuos'rns·

758 3755 913 3818 nnn
934 3791 956 3823 ,
1006 3734 1255 3810 diebus
1302 3735 1545 3811 Lunae
1565 3795 1587 3826 ,
1636 3736 1887 3812 Martis
1945 3745 2015 3811 et
2067 3737 2436 3825 Mercurii,
2506 3791 3328 3812 ............
3622 3731 3714 3804 Χ.

861 3853 1041 3929 Cum
1080 3856 1620 3954 provectioribus
1662 3857 1847 3957 leget
1887 3880 2279 3932 rnArounu
2321 3865 2392 3932 et
2433 3877 3002 3931 Ams‘rornsunm
3027 3913 3047 3944 ,
3077 3851 3328 3928 diebus

961 3973 1148 4047 Iovis
1197 3981 1269 4046 et
1318 3973 1609 4048 Veneris
1628 4031 1647 4062 ,
1715 4023 3333 4050 .......................
3659 3972 3720 4046 Ι.

862 4091 1339 4190 Antiquitates
1400 4093 1755 4167 Romanas
1819 4095 2086 4183 tradet,
2152 4093 2404 4168 diebus
2465 4093 2706 4169 Lunae
2727 4153 2748 4183 ,
2801 4095 3052 4170 Martis
3073 4153 3094 4183 ,
3142 4095 3330 4168 Mer-

962 4212 1135 4286 curii
1180 4220 1253 4287 et
1299 4213 1524 4302 Iovis,
1603 4271 1620 4288 .
1694 4272 1711 4288 .
1778 4270 2818 4290 ...............
2825 4223 2832 4228 ’
2872 4270 3325 4291 .......
3551 4211 3717 4283 XII.

859 4332 1105 4406 Artem
1159 4331 1517 4407 meti-icam
1569 4331 1846 4407 docebit
1889 4333 2139 4408 diebus
2181 4332 2474 4408 Veneris
2522 4341 2594 4408 et
2641 4333 2923 4408 Saturni
2943 4388 3327 4422 ......
3551 4328 3716 4400 XII.

868 4451 1147 4527 Scholas
1207 4451 1709 4550 paedagogicss
1770 4452 2057 4527 habebit
2076 4511 2095 4542 ,
2146 4452 2396 4530 diebus
2451 4453 2704 4528 Martis
2757 4463 2830 4528 et
2875 4452 3059 4526 Iovis
3079 4509 3100 4540 ,
3154 4507 3172 4526 .
3225 4507 3244 4525 .
3301 4505 3318 4523 .
3615 4445 3714 4518 ΙΙ.

864 4570 1063 4646 Initia
1097 4571 1678 4671 Palaeographiae
1712 4573 2017 4648 Graecae
2052 4571 2464 4647 Candidatis
2502 4571 2892 4648 Literarum
2926 4568 3324 4668 explicabit,

965 4691 1211 4766 diebus
1262 4691 1552 4767 Veneris
1601 4697 1673 4764 et
1725 4692 2047 4781 Saturni,
2118 4751 2135 4768 .
2208 4742 3322 4767 ................
3369 4681 3714 4758 IX—XI.

868 4810 1285 4910 Disputandi
1331 4811 1654 4887 exercitia
1698 4810 1979 4911 publica
2026 4811 2501 4888 moderabitur
2522 4869 2543 4900 ,
2595 4810 2707 4884 die
2750 4807 2934 4904 Iovis
2955 4863 3318 4896 ......
3577 4801 3712 4876 ΧΙ.
