4730 6049
1822 640 2379 711 ORATIO.
3539 650 3620 715 81

664 850 847 924 Dein
910 850 1153 926 sedulo
1212 850 1529 926 attendat
1586 851 1925 951 interpres
1943 910 1965 941 ,
2026 875 2117 926 an
2178 876 2359 951 quae
2415 852 2563 928 sive
2633 852 2721 927 de
2779 852 3044 929 ratione
3087 854 3230 930 sive
3277 855 3366 931 de
3411 878 3624 953 sensu

570 970 743 1071 legis
803 996 887 1046 ex
952 970 1567 1047 deliberationibus
1628 973 1879 1049 efficiat
1940 972 2107 1047 satis
2170 978 2359 1046 certa
2421 971 2599 1061 sint;
2673 998 2762 1047 an
2820 996 3054 1049 revera
3095 980 3168 1049 et
3207 974 3356 1050 sine
3403 972 3620 1051 dubio

570 1114 813 1166 sensus
888 1092 1013 1191 qui
1083 1116 1234 1165 esse
1264 1188 1273 1195 ο
1306 1091 1624 1166 videatur
1692 1088 2046 1165 communi
2109 1088 2227 1163 illo
2247 1146 2269 1177 ,
2340 1088 2431 1164 de
2494 1113 2635 1188 quo
2689 1090 2963 1167 locutus
3016 1116 3174 1168 sum
3195 1152 3216 1183 ,
3279 1117 3624 1171 consensu

574 1211 855 1285 nitatur.
960 1212 1403 1311 Quapropter
1464 1219 1783 1287 accurate
1837 1209 2259 1311 distinguat,
2323 1234 2368 1284 a
2421 1234 2598 1309 quo,
2647 1208 3034 1309 quomodo,
3083 1236 3224 1311 qua
3268 1212 3624 1289 occasione

573 1330 832 1431 aliquid
882 1331 1149 1405 dictum
1198 1332 1311 1407 sit.
2042 1398 2053 1407 .

664 1450 991 1551 Denique
1062 1460 1225 1526 ante
1289 1450 1525 1525 omnia
1592 1449 1972 1525 tenendum
2038 1449 2171 1524 hoc
2232 1456 2339 1524 est
2358 1506 2380 1537 ,
2449 1472 2540 1525 ne
2609 1472 2920 1548 unquam
2967 1448 3410 1527 obliviscatur
3449 1451 3624 1553 legis

574 1570 707 1646 vim
776 1596 915 1645 non
990 1570 1245 1645 habere
1306 1569 1833 1645 deliberationes
1850 1625 1873 1658 ‚
1939 1593 2028 1644 ne
2082 1594 2419 1667 umquam
2465 1568 2604 1644 illis
2653 1567 2916 1645 tribuat
2957 1569 3438 1645 auctoritatem
3484 1594 3628 1669 qua

574 1690 662 1767 ad
718 1690 1197 1791 corrigendam
1258 1690 1367 1764 vel
1436 1688 1944 1765 emendandam
1992 1688 2218 1789 legem
2264 1690 2464 1765 claris
2515 1687 2742 1764 verbis
2791 1689 3224 1765 enuntiatam
3271 1688 3498 1790 abripi
3552 1714 3627 1765 se

576 1811 895 1913 patiatur.
996 1810 1271 1889 Quodsi
1326 1810 1501 1885 forte
1550 1836 1635 1885 ex
1682 1810 1769 1885 iis
1822 1817 2147 1910 apparet,
2196 1808 2404 1885 aliam
2446 1810 2660 1885 fuisse
2701 1808 3110 1910 legislatoris
3161 1808 3586 1885 voluntatem
3603 1869 3628 1900 ,

574 1954 783 2031 quam
852 1929 1079 2005 verbis
1130 1930 1357 2030 palam
1416 1929 1653 2005 fecerit
1676 1988 1697 2019 ,
1744 1929 2170 2005 voluntatem
2212 1938 2558 2005 mutatam
2611 1953 2762 2005 esse
2809 1937 3074 2007 statuat
3114 1929 3453 2029 interpres
3506 1952 3628 2005 ne-

573 2072 761 2125 cesse
806 2056 955 2138 est;
1008 2050 1193 2124 ultra
1237 2049 1463 2149 legem
1508 2074 1601 2125 ne
1646 2050 1901 2150 sapiat!
1976 2050 2087 2125 Ex
2140 2048 2268 2126 hoc
2309 2048 2498 2124 enim
2539 2048 2770 2125 abusu
2789 2108 2810 2139 ,
2859 2050 2922 2125 si
2962 2049 3137 2149 quid
3171 2058 3358 2126 recte
3392 2048 3629 2139 video,

572 2169 855 2245 iteratae
925 2170 1080 2244 illae
1145 2168 1233 2245 de
1286 2169 1547 2268 logicae
1606 2168 2191 2268 interpretationis
2254 2192 2392 2244 usu
2444 2169 2934 2268 querimoniae.
3035 2169 3234 2245 Haec
3290 2170 3631 2271 imprimis

572 2314 781 2365 causa
822 2288 993 2378 fuit,
1055 2313 1181 2363 cur
1230 2288 1807 2364 deliberationum
1860 2312 2032 2365 usus
2085 2313 2127 2363 a
2172 2288 2416 2365 multis
2463 2287 2970 2390 improbaretur
2988 2347 3011 2380 ‚
3062 2290 3255 2390 quod
3299 2290 3485 2366 intra
3525 2290 3632 2365 in·

574 2408 1080 2509 terpretationis
1152 2410 1328 2483 fines
1396 2432 1536 2483 non
1610 2408 2067 2484 consistentes
2088 2468 2109 2499 ,
2178 2408 2588 2509 legislatoris
2652 2416 2885 2511 partes
2949 2434 3156 2509 agere
3225 2410 3426 2486 veriti
3490 2433 3632 2485 non

576 2538 739 2603 sunt
798 2528 1213 2627 interpretes
1230 2587 1253 2616 ,
1318 2526 1679 2629 ipsiusque
1748 2526 1923 2627 legis
1982 2528 2165 2603 clara
2232 2528 2441 2603 verba
2505 2554 2592 2603 ex
2652 2536 3050 2629 praesumta
3067 2587 3090 2618 ‚
3157 2528 3347 2606 haud
3395 2536 3632 2605 tamen

576 2647 887 2749 legitimo
933 2648 1145 2723 modo
1196 2647 1540 2724 declarata
1560 2705 1581 2736 ,
1632 2646 1982 2724 voluntate
2030 2647 2123 2723 ad
2170 2646 2398 2725 aliena
2447 2647 2808 2724 deflectere
2859 2648 3056 2725 veriti
3103 2672 3244 2723 non
3295 2638 3484 2725 sunt.

674 2888 879 2966 Quae
941 2886 1031 2961 de
1092 2892 1327 2961 mente
1374 2886 1549 2986 legis
1601 2886 2025 2985 exquirenda
2076 2885 2151 2963 in
2200 2886 2736 2987 interpretandis
2784 2885 3025 2986 legum
3077 2884 3421 2986 imprimis
3469 2885 3632 2961 civi-

579 3007 747 3083 lium
788 3006 1149 3083 codicibus
1186 3006 1553 3108 praecipua
1592 3006 1875 3108 proferri
1898 3006 2167 3108 possint
2202 3006 2420 3084 dubia
2445 3005 2862 3084 adumbrare
2889 3012 3180 3084 conatus
3211 3031 3402 3096 sum,
3426 3004 3626 3086 AA.!

579 3129 689 3204 Ne
746 3128 891 3202 iam
956 3127 1223 3202 diutius
1242 3187 1261 3215 ,
1335 3151 1549 3226 quam
1607 3151 1731 3228 par
1790 3134 1931 3216 est,
1996 3127 2331 3227 patientia
2382 3135 2606 3203 vestra
2649 3125 2938 3218 abutar,
2989 3151 3131 3202 uno
3149 3184 3170 3215 ,
3221 3151 3401 3226 quae
3446 3125 3592 3202 dixi
3610 3184 3631 3215 ,

579 3248 777 3324 liceat
819 3247 1162 3324 illustrare
1213 3247 1557 3348 exemplo.

674 3367 988 3444 Celebris
1046 3369 1360 3468 quaestio
1419 3393 1463 3443 a
1533 3367 1703 3442 iuris
1764 3369 1983 3444 nostri
2044 3367 2263 3443 civilis
2324 3366 2588 3468 agitata
2641 3374 2749 3442 est
2793 3363 3290 3465 interpretibus
3310 3420 3333 3453 ‚
3393 3369 3632 3440 utrum

580 3495 839 3564 statuta
888 3511 1068 3588 quae
1118 3487 1449 3562 dicuntur
1496 3487 1883 3587 personalia
1929 3489 2081 3564 iure
2130 3494 2365 3564 nostro
2411 3487 2852 3588 peregrinum
2903 3491 3285 3582 sequantur
3327 3507 3418 3558 an
3475 3509 3632 3560 vero

580 3617 805 3684 status
852 3607 1185 3707 perigrini
1226 3609 1477 3682 nostris
1518 3616 1803 3706 regatur
1844 3606 2144 3706 legibus.

675 3727 823 3807 Qui
870 3727 1077 3828 primi
1130 3726 1543 3803 exstiterunt
1590 3726 1763 3801 iuris
1814 3724 2031 3800 nostri
2078 3724 2486 3824 interpretes
2535 3721 2647 3796 vix
2701 3721 3114 3798 dubitarunt
3165 3719 3336 3820 quin
3385 3745 3632 3797 secun-

583 3847 751 3923 dum
804 3855 1075 3922 nostras
1125 3847 1314 3946 leges
1366 3845 1927 3948 respondendum
1969 3851 2189 3932 esset,
2256 3849 2702 3944 provocantes
2747 3840 2842 3918 ad
2883 3841 3147 3917 clarum
3193 3847 3322 3916 art.
3368 3843 3414 3914 9
3458 3840 3634 3940 legis

584 3967 929 4067 generalia
990 3967 1079 4041 de
1138 3965 1417 4068 legibus
1470 3966 1723 4068 placita
1768 3963 2187 4042 continentis
2239 3959 2573 4064 placitum
2597 4020 2618 4051 ,
2666 3985 2808 4061 quo
2856 3960 3208 4061 legislator
3261 3959 3480 4037 edixit
3525 3961 3638 4036 ius

584 4087 779 4162 civile
823 4087 1012 4162 idem
1059 4111 1210 4162 esse
1253 4086 1633 4187 peregrinis
1676 4111 1755 4160 ac
1792 4081 2207 4160 Neerlandis
2239 4083 2375 4159 nisi
2417 4083 2528 4158 lex
2566 4080 2990 4158 contrarium
3025 4088 3308 4158 statuat.
3409 4081 3638 4181 Leges

586 4207 772 4280 enim
829 4204 919 4280 de
972 4213 1159 4280 statu
1178 4265 1199 4295 ‚
1250 4206 1349 4281 sio
1394 4205 1497 4282 illi
1515 4265 1536 4296 ,
1586 4231 1809 4306 quum
1852 4204 1944 4281 ad
1985 4203 2099 4280 ius
2146 4203 2343 4279 civile
2390 4203 2782 4303 pertineant
2801 4261 2822 4292 ,
2872 4202 3060 4278 idem
3107 4201 3297 4300 quod
3347 4199 3436 4276 de
3488 4210 3636 4276 toto

586 4327 733 4402 iure
788 4326 975 4402 civili
1038 4326 1217 4401 valet
1234 4386 1255 4415 ,
1320 4327 1409 4402 de
1456 4337 1645 4403 statu
1693 4326 1914 4402 valere
1960 4323 2193 4400 debet.
2242 4369 2345 4386 —
2389 4325 2640 4399 Postea
2657 4381 2678 4412 ,
2729 4347 2950 4422 quum
2997 4320 3302 4420 penitius
3342 4319 3415 4394 in
3459 4319 3634 4419 legis

590 4472 868 4524 sensum
932 4446 1191 4545 inquiri
1249 4454 1573 4547 coeptum
1637 4455 1849 4523 esset·
1888 4453 1969 4521 ut
2040 4443 2355 4544 singulae
2422 4466 2740 4544 quaeque
2809 4441 2902 4517 ad
2970 4464 3125 4514 eam
3193 4438 3634 4537 exigerentur

592 4567 893 4666 species,
964 4565 1071 4640 ita·
1127 4566 1201 4640 in
1269 4567 1645 4641 contrarias
1688 4573 1921 4666 partes
1966 4563 2287 4640 abierunt
2326 4562 2649 4662 plurimi,
2697 4569 2782 4636 ut
2825 4560 2950 4660 qui
2996 4557 3200 4632 hodie
3249 4555 3636 4634 secundum

592 4687 813 4788 legem
847 4689 1285 4786 pereyrinam
1334 4685 1423 4762 de
1470 4694 1663 4762 statu
1708 4684 2055 4786 peregrini
2100 4683 2598 4782 respondeant,
2645 4691 2990 4779 receptam
3041 4675 3404 4752 videantur
3451 4676 3636 4752 tueri

594 4806 1029 4884 sententiam.
1130 4805 1372 4882 Huius
1436 4806 1743 4902 diversae
1804 4804 2149 4905 opinionis
2210 4826 2421 4880 causa
2475 4797 2798 4901 primaria
2859 4795 3160 4897 petenda
3199 4802 3330 4990 lalst
3396 4819 3482 4872 ex
3546 4794 3632 4874 iis
