4730 6049
1823 666 2389 739 ORATIO.
3518 666 3656 739 33⁰1

677 872 1010 951 Ceterum
1027 872 1284 951 civium
1303 880 1702 953 nostrorum
1726 875 1856 953 hoc
1879 900 2064 953 anno
2091 900 2234 953 non
2259 882 2371 953 est
2392 876 2811 955 imminutus
2834 902 3169 955 numerus
3184 936 3207 971 ,
3230 878 3375 955 imo
3398 886 3649 955 auctus

585 993 1040 1093 aliquantum.
1111 995 1238 1071 Me
1279 1002 1546 1071 rectore
1559 1054 1582 1085 ,
1631 997 1758 1097 qui
1793 996 1956 1073 albo
1993 1020 2250 1074 nomen
2289 996 2794 1099 inscripserunt
2810 1056 2833 1091 ‚
2870 1022 3163 1075 numero
3202 999 3491 1077 fuerunt
3526 1002 3643 1077 55.

583 1114 946 1190 Pauciores
991 1138 1268 1217 semper
1305 1140 1430 1217 per
1481 1114 1768 1192 ultimos
1811 1116 2018 1193 hosce
2061 1124 2330 1219 septem
2370 1142 2591 1195 annos
2636 1143 2891 1195 nomen
2940 1118 3297 1197 dederant.

671 1234 880 1311 Cives
911 1244 1152 1312 autem
1197 1244 1472 1313 nostros
1491 1294 1514 1327 ,
1563 1236 1628 1313 si
1663 1261 1812 1314 non
1851 1262 2134 1327 omnes,
2179 1263 2346 1315 sane
2392 1238 2599 1341 longe
2644 1239 2985 1341 plurimos
3003 1300 3025 1331 ,
3060 1266 3173 1317 res
3210 1266 3375 1317 suas
3422 1240 3603 1317 bene
3622 1300 3645 1331 ,

581 1354 720 1431 imo
753 1356 1019 1458 optime
1056 1357 1428 1433 nonnullos
1443 1415 1465 1446 ,
1507 1357 1767 1459 egisse,
1805 1366 1878 1433 et
1907 1358 2120 1435 ceteri
2151 1368 2631 1460 praeceptores
2672 1366 2745 1435 et
2778 1386 2911 1461 ego
2946 1360 3041 1437 ad
3078 1362 3496 1437 Academiae
3538 1386 3643 1436 re·

581 1476 788 1553 limus
851 1478 1248 1555 Curatores.
1345 1478 1443 1553 Et
1497 1477 1752 1553 referre
1805 1477 2118 1579 potuisse
2167 1501 2425 1577 magno
2474 1476 2713 1569 nobis,
2764 1478 3330 1554 Commilitones!
3383 1480 3645 1579 gaudio

579 1596 712 1673 fuit
725 1656 748 1687 ,
811 1598 1120 1699 primum
1181 1605 1412 1675 vestra
1429 1656 1452 1687 ‚
1519 1596 1774 1673 deinde
1823 1597 2118 1673 aliorum
2137 1656 2160 1689 ,
2205 1604 2445 1675 nostra
2490 1597 2704 1675 etiam
2752 1622 2984 1675 causa.
3085 1598 3165 1673 Si
3208 1599 3399 1675 enim
3450 1600 3645 1675 vobis

581 1716 690 1793 hic
751 1726 864 1793 est
929 1717 1300 1794 serendum
1319 1776 1342 1808 ,
1411 1717 1604 1817 quod
1673 1718 2132 1817 sequentibus
2193 1718 2414 1819 prosit
2478 1718 2659 1794 vitae
2706 1718 2908 1794 annis
2926 1776 2948 1808 ,
3016 1719 3079 1795 si
3132 1726 3213 1794 ut
3262 1728 3645 1795 sementem

579 1860 764 1913 nunc
827 1836 1130 1913 feceritis
1203 1838 1302 1912 ita
1359 1836 1636 1913 metetis
1655 1895 1677 1926 ,
1747 1845 1821 1912 et
1883 1862 2004 1913 vos
2067 1836 2264 1913 vobis
2313 1862 2453 1913 non
2514 1839 2795 1915 metetis
2840 1840 3008 1915 solis
3029 1898 3051 1929 ‚
3117 1839 3250 1916 sed
3298 1840 3373 1913 in
3420 1862 3647 1914 messe

581 1982 790 2057 quam
847 1957 1098 2059 legetis
1161 1966 1234 2034 et
1279 1956 1574 2033 aliorum
1618 1964 1694 2031 et
1735 1964 2106 2057 parentum
2153 1964 2227 2033 et
2281 1966 2739 2059 cognatorum
2786 1966 2860 2033 et
2908 1966 3433 2059 praeceptorum
3450 2018 3475 2051 ,
3520 1984 3641 2059 po·

579 2078 924 2179 pularium
983 2077 1198 2154 etiam
1261 2084 1334 2151 et
1403 2076 1804 2177 aequalium
1859 2077 2176 2153 omnium
2197 2136 2219 2168 ,
2283 2088 2723 2179 posterorum
2770 2079 2947 2155 adeo
2990 2079 3385 2156 continetur
3428 2080 3643 2155 salus.

583 2199 648 2275 0
695 2198 754 2273 si
801 2219 946 2299 qua
989 2196 1232 2273 deesse
1275 2196 1500 2297 possit
1553 2222 1802 2287 causa,
1853 2222 2034 2297 quae
2079 2198 2174 2273 ad
2219 2223 2463 2275 omues
2512 2198 2777 2299 ingenii
2828 2199 3183 2299 animique
3226 2200 3405 2275 vires
3452 2222 3645 2275 exer-

579 2319 830 2395 cendas
879 2342 1000 2393 vos
1043 2316 1467 2419 impelleret,
1519 2324 1786 2418 quanta
1825 2324 1934 2391 est
1983 2314 2090 2389 vis
2137 2315 2212 2389 in
2255 2316 2445 2393 illius
2486 2317 2746 2393 vinculi
2790 2318 3213 2419 cogitatione
3235 2376 3257 2407 ,
3308 2342 3449 2417 quo
3484 2342 3647 2393 cum

579 2439 729 2517 aliis
771 2438 1151 2541 iungimini
1169 2496 1191 2527 ‚
1253 2462 1396 2537 quo
1445 2436 1680 2515 omnia
1723 2461 1906 2537 quae
1953 2435 2178 2513 facitis
2223 2437 2298 2513 in
2347 2437 2519 2515 alios
2568 2436 2781 2515 etiam
2828 2438 3265 2528 redundent,
3312 2437 3391 2513 in
3438 2437 3643 2513 caris-

583 2558 758 2635 sima
805 2582 1088 2661 quoque
1135 2559 1387 2659 capita.
1589 2544 1612 2561 ⁹

675 2678 1152 2755 Referendum
1187 2678 1330 2755 iam
1373 2684 1482 2753 est
1522 2677 1612 2754 de
1653 2678 2028 2753 certamine
2071 2676 2435 2767 litterario,
2491 2677 2683 2777 quod
2720 2702 2846 2780 per
2884 2678 3105 2780 Regis
3134 2676 3646 2777 Angustissimi

583 2800 1128 2877 munificentiam
1179 2799 1482 2877 indicere
1543 2798 1748 2875 nobis
1789 2798 2006 2875 licuit.
2069 2796 2421 2875 Ordinum
2456 2797 2717 2875 iudicia
2745 2806 2816 2873 te
2834 2856 2857 2889 ,
2886 2797 3015 2873 Vir
3042 2796 3149 2873 01.
3167 2855 3190 2886 ,
3218 2796 3343 2897 qui
3370 2796 3645 2872 senatui

581 2929 816 2997 nostro
861 2921 954 2998 ab
1005 2920 1180 2998 actis
1227 2945 1302 2995 es
1325 2979 1347 3010 ,
1397 2926 1480 2996 ut
1525 2918 1772 2995 recites
1820 2942 2012 3021 rogo,

1541 3161 1986 3254 (Recitantur
2031 3160 2340 3236 ordinum
2388 3161 2700 3256 iudicia.)

681 3399 770 3476 In
833 3402 1024 3479 hunc
1087 3406 1502 3501 suggestum
1567 3398 1954 3476 adscendas
1973 3457 1996 3490 ‚
2065 3398 2503 3475 ornatissime
2560 3399 2911 3474 romum!
3010 3400 3123 3474 En
3164 3395 3646 3474 testimonium

587 3522 774 3622 quod
839 3521 974 3597 tibi
1043 3520 1346 3597 decrevit
1415 3519 1754 3596 lctorum
1817 3519 1988 3596 ordo
2055 3519 2533 3596 honorificum.
2637 3518 2805 3594 Non
2870 3515 3095 3594 fastu'
3124 3518 3316 3594 inani
3378 3516 3604 3592 elatus
3622 3573 3645 3608 ,

586 3667 746 3720 cum
799 3641 1194 3744 praemium
1249 3639 1384 3716 tibi
1436 3639 1900 3743 denegaretur
1947 3665 2238 3716 aureum
2259 3700 2281 3731 ,
2329 3639 2857 3716 membraneum
2893 3638 3071 3716 illud
3112 3644 3649 3714 monumentum

587 3763 1038 3840 contemsisti.
1163 3761 1262 3836 Et
1334 3759 1466 3836 hac
1529 3760 1684 3861 ipsa
1756 3761 2098 3836 modestia
2163 3760 2477 3862 probasti
2546 3785 2823 3836 morum
2890 3759 3405 3861 simplicitatem
3468 3782 3651 3858 quae

589 3883 911 3960 omnibus
973 3891 1044 3959 te
1103 3880 1588 3971 commendat,
1653 3888 1730 3956 et
1773 3880 2170 3956 studiorum
2217 3888 2502 3956 tuorum
2552 3879 2959 3960 bonitatem.
3060 3879 3211 3960 Qui
3250 3903 3463 3978 quam
3514 3872 3648 3951 im-

589 4029 828 4080 mensa
887 4011 1222 4103 vastaque
1287 4001 1380 4076 sit
1443 4000 1916 4078 doctrinarum
1975 4007 2051 4076 et
2093 3998 2633 4101 desciplinarum
2684 4001 3019 4102 materies,
3060 3999 3310 4089 sentit,
3376 3999 3503 4098 qui
3542 3999 3648 4073 in-

589 4125 838 4226 telligit
899 4147 1114 4224 quam
1177 4121 1476 4198 arduum
1537 4121 1632 4196 sit
1683 4129 1756 4196 et
1807 4121 2090 4198 difficile
2162 4145 2653 4220 quemcunque
2708 4119 2937 4198 locum
2994 4121 3127 4198 rite
3192 4144 3534 4220 exponere
3576 4126 3650 4193 et

587 4253 772 4322 recte
787 4303 810 4335 ,
871 4243 1196 4320 secundis
1259 4241 1666 4318 erubescere
1703 4267 1846 4319 non
1884 4250 2117 4343 potest
2163 4241 2563 4320 honoribus.
2664 4242 2827 4318 Hoc
2882 4242 3135 4318 sentire
3153 4298 3175 4330 ,
3226 4241 3359 4316 hoc
3394 4238 3646 4314 intelli-

589 4389 794 4466 gere,
857 4373 932 4440 te
985 4371 1114 4442 tua
1162 4362 1306 4440 iam
1367 4363 1664 4438 docuere
1727 4363 1984 4440 studia.
2083 4365 2180 4438 Et
2219 4387 2389 4440 sane
2428 4387 2769 4464 magnum
2813 4361 2965 4438 hoc.
3040 4363 3136 4437 Et
3174 4384 3390 4460 quam
3440 4357 3648 4434 multi

591 4510 674 4562 eo
715 4483 1030 4562 nondum
1075 4483 1552 4587 pervenerint,
1601 4482 1772 4559 haec
1813 4483 1967 4584 ipsa
2013 4484 2226 4560 huius
2280 4484 2424 4560 diei
2466 4485 2771 4562 ostendit
2814 4482 3235 4560 solemnitas.

685 4605 782 4680 Et
847 4606 1154 4705 profecto
1211 4603 1528 4706 egregias
1588 4601 1642 4680 ti
1650 4601 1726 4678 bi
1779 4628 1918 4679 non
1971 4603 2272 4706 denegat
2311 4605 2485 4681 ordo
2536 4605 2801 4681 laudes.
2902 4605 3105 4682 Quae
3148 4625 3308 4677 vero
3354 4600 3429 4674 in
3480 4597 3645 4674 scri-

589 4723 826 4824 ptione
885 4731 1014 4802 tua
1075 4725 1222 4801 visa
1285 4731 1455 4802 sunt
1517 4722 2082 4824 reprehendenda
2151 4723 2319 4800 vitia
2337 4781 2359 4813 ,
2428 4723 2652 4800 curari
2699 4728 3029 4823 poterunt
3070 4728 3143 4797 et
3188 4718 3433 4796 sanari.
3534 4719 3649 4793 Tu

591 4842 806 4944 igitur
868 4844 1126 4921 iterum
1183 4868 1362 4945 opus
1431 4851 1808 4946 pertractes
1868 4852 2098 4923 tuum.
2195 4843 2292 4919 Et
2339 4843 2401 4920 si
2452 4867 2593 4919 non
2650 4843 2727 4919 in
2778 4865 3085 4934 nonum,
3134 4840 3209 4916 in
3260 4839 3645 4917 secundum

3158 4963 3259 5036 43
