4730 6049
1979 655 2539 730 ORATIO.
3742 603 3801 732 9·

727 867 984 944 rientia
1048 867 1302 942 medico
1338 889 1682 966 perquam
1743 867 2200 943 necessaria?
2299 865 2618 944 Primum
2674 867 2917 972 paucis
2967 869 3438 947 demonstrare
3486 871 3789 948 conabor

728 987 976 1087 quanti
1023 988 1448 1088 eapeaeientia
1497 985 1572 1060 in
1621 1011 1696 1060 re
1743 986 2013 1062 medica
2069 987 2160 1062 sit
2219 985 2573 1079 facienda3
2644 973 2800 1068 tum
2869 979 3099 1068 dicam
3151 994 3237 1071 de
3285 993 3747 1072 observatione
3762 1051 3785 1084 ,

726 1107 1099 1210 praecipuo
1135 1105 1482 1196 subsidio,
1521 1131 1662 1206 quo
1699 1107 2122 1207 experientia
2154 1115 2468 1208 paretur,
2497 1115 2847 1210 postremo
2878 1112 3319 1214 expositurus
3333 1171 3355 1204 ,
3382 1113 3787 1215 ubicunque

728 1227 1000 1306 medica
1067 1251 1180 1304 ars
1237 1227 1553 1306 tradatur
1567 1285 1590 1318 ,
1657 1227 1921 1328 largam
1987 1229 2400 1305 observandi
2450 1231 2756 1331 copiam,
2819 1257 3032 1333 quam
3079 1233 3259 1309 bene
3305 1242 3783 1336 comparatum

727 1347 1206 1428 nosocomium
1249 1347 1476 1424 solum
1522 1348 1923 1447 suppeditat
1939 1407 1960 1440 ,
2017 1357 2253 1426 nostra
2304 1351 2710 1452 praesertim
2755 1359 2982 1429 aetate
3024 1376 3468 1454 nequaquam
3514 1354 3783 1432 deside-

730 1468 868 1548 rari
919 1493 1142 1570 posse.

832 1591 1076 1670 Quum
1122 1587 1398 1666 nullum
1441 1587 1533 1663 sit
1585 1612 1844 1664 munus
1860 1648 1882 1680 ,
1931 1590 2263 1691 nullaque
2310 1616 2423 1668 ars
2470 1616 2684 1692 quam
2734 1594 2895 1692 quis
2948 1593 3127 1669 bene
3179 1594 3371 1671 obire
3420 1602 3545 1672 aut
3595 1619 3785 1671 exer·

733 1733 886 1788 cere
944 1709 1200 1808 possit,
1274 1709 1412 1784 nisi
1475 1709 1600 1808 qui
1665 1707 1948 1802 didicit,
2011 1717 2166 1787 tum
2227 1735 2435 1787 nemo
2486 1711 2617 1786 erit
2682 1713 2808 1812 qui
2872 1712 3150 1788 dubitet
3196 1714 3367 1814 quin
3414 1715 3655 1816 magni
3700 1713 3793 1790 sit

732 1828 1048 1906 facienda
1120 1828 1580 1929 experientia,
1660 1830 1922 1930 quippe
1999 1856 2141 1931 qua
2207 1831 2454 1908 artifex
2529 1833 2799 1932 peritus
2874 1857 2919 1908 a
2983 1833 3206 1908 tirone
3279 1835 3791 1912 internoscitur.

830 1950 1106 2049 Rogate
1153 1947 1521 2050 agricolam
1539 2007 1560 2039 ,
1610 1950 1734 2048 qui
1781 1957 2002 2058 totam
2045 1957 2346 2027 aetatem
2404 1950 2480 2028 in
2524 1977 2691 2062 agro
2746 1952 3043 2028 colendo
3082 1954 3433 2044 contrivit,
3486 1953 3659 2054 quid
3702 1953 3794 2028 sit

735 2069 925 2170 quod
991 2075 1136 2144 tam
1210 2067 1430 2170 probe
1499 2069 1671 2144 sciat
1740 2096 2083 2172 quaenam
2150 2072 2432 2171 plantae
2492 2073 2567 2148 in
2636 2097 2805 2173 agro
2864 2097 3075 2173 quem
3129 2074 3294 2148 colit
3335 2074 3795 2174 largissimam

735 2215 1030 2268 messem
1093 2189 1234 2266 sint
1290 2189 1728 2289 praebiturae
1749 2249 1772 2282 ,
1844 2191 2034 2291 quod
2099 2198 2377 2292 tempus
2430 2193 2733 2268 maxime
2794 2193 2887 2268 sit
2929 2191 3262 2270 idoneum
3306 2194 3601 2295 singulis
3651 2194 3795 2270 fru-

735 2311 946 2414 gibus
1013 2309 1322 2385 serendis
1344 2368 1366 2401 ,
1447 2336 1626 2411 quae
1699 2312 1966 2412 optima
2041 2312 2132 2388 sit
2203 2313 2379 2389 ratio
2464 2314 2615 2414 agri
2688 2313 3062 2413 subigendi
3137 2321 3299 2390 ante
3380 2321 3757 2390 sementem
3776 2373 3797 2405 ,

737 2455 921 2530 quae
961 2429 1523 2508 commodissima
1569 2431 1778 2508 series
1828 2442 1899 2508 et
1946 2433 2116 2508 ordo
2163 2433 2559 2533 plantarum
2609 2460 2690 2510 ac
2738 2433 3061 2533 stirpium
3116 2433 3253 2508 sibi
3292 2434 3588 2510 invicem
3640 2459 3795 2510 suc-

737 2549 1134 2628 cedentium
1175 2574 1265 2624 ne
1313 2573 1478 2650 ager
1521 2551 2000 2644 exhauriatur,
2049 2561 2121 2627 et
2162 2553 2358 2629 vobis
2401 2553 2849 2654 respondebit
2890 2578 2974 2629 ea
3015 2553 3250 2630 omnia
3298 2581 3449 2630 esse
3492 2555 3801 2631 fructum

739 2675 1234 2772 experientiae,
1303 2697 1454 2746 eam
1523 2671 1966 2772 praecipuam
2031 2696 2182 2747 esse
2251 2696 2537 2748 causam
2601 2696 2767 2746 suae
2832 2670 3151 2747 fortunae
3210 2673 3592 2763 secundae,
3644 2697 3801 2749 eam

741 2816 892 2868 esse
952 2816 1093 2891 qua
1153 2798 1460 2890 praestet
1521 2791 1744 2868 vicino
1765 2850 1788 2883 ,
1856 2791 1973 2867 cui
2039 2791 2326 2869 fortasse
2390 2799 2501 2868 est
2568 2816 2732 2893 ager
2797 2791 3117 2880 fertilior,
3170 2799 3433 2867 stercus
3475 2792 3759 2868 uberius
3778 2851 3801 2884 ,

739 2911 1288 2988 instrumentum
1354 2911 1694 2987 rusticum
1760 2913 2106 2988 recentius
2177 2938 2258 2988 ac
2321 2911 2571 2988 melius
2591 2970 2612 3003 ,
2686 2912 2811 3012 qui
2878 2919 3115 2988 tamen
3182 2912 3426 2988 codem
3492 2921 3803 3014 tempore

743 3033 1000 3109 malam
1038 3058 1338 3109 messem
1401 3033 1714 3133 deplorat
1783 3039 1909 3109 aut
1979 3034 2039 3109 si
2104 3040 2481 3133 proventus
2547 3032 2722 3109 votis
2794 3033 3207 3133 respondet,
3279 3034 3596 3111 fortunae
3660 3058 3801 3112 non

738 3153 1026 3255 peritiae
1069 3160 1436 3253 acceptum
1483 3153 1717 3229 refert.
2375 3236 2381 3243 ,

737 3336 744 3345 .
835 3275 1110 3376 Rogate
1174 3274 1514 3373 grandem
1578 3281 1752 3349 natu
1806 3274 2144 3363 navitam,
2211 3273 2469 3348 multos
2512 3298 2637 3373 per
2689 3296 2907 3349 annos
2954 3274 3027 3350 in
3078 3274 3219 3350 alto
3270 3273 3802 3374 tempestatibus

739 3395 1072 3471 iactatum
1087 3453 1108 3486 ,
1185 3394 1359 3494 quid
1421 3394 1512 3469 sit
1574 3394 1764 3493 quod
1830 3380 1994 3479 tam
2028 3392 2167 3467 cito
2216 3415 2501 3467 cursum
2548 3391 2903 3481 conficiat,
2972 3391 3163 3491 quod
3204 3392 3521 3493 procellis
3567 3392 3799 3467 furen-

739 3514 932 3591 tibus
982 3540 1124 3589 non
1177 3520 1692 3591 commoveatur
1735 3536 1965 3615 neque
2019 3512 2342 3589 maximis
2388 3512 2711 3613 periculis
2755 3512 3115 3602 turbetur,
3166 3512 3291 3589 sed
3355 3535 3437 3587 ea
3487 3517 3612 3586 aut
3660 3512 3796 3587 for-

740 3637 904 3711 titer
961 3635 1210 3711 subeat
1257 3643 1381 3709 aut
1425 3632 1670 3709 callide
1723 3658 1796 3709 se
1848 3657 1933 3707 ex
1992 3632 2132 3707 illis
2182 3631 2547 3731 expediat,
2615 3631 2790 3730 quid
2855 3656 3018 3707 eum
3072 3632 3383 3707 docuerit
3436 3630 3659 3707 ventis
3726 3640 3798 3706 et

741 3754 1072 3831 fluctibus
1136 3753 1440 3857 adversis
1503 3778 1754 3829 navem
1812 3754 1886 3829 in
1948 3760 2232 3853 portum
2289 3754 2735 3853 compellere,
2802 3760 3040 3853 rogate
3105 3776 3267 3827 eum
3333 3777 3545 3852 quare
3612 3776 3801 3827 nunc

744 3874 820 3949 id
867 3875 1090 3950 facere
1132 3860 1391 3974 possit,
1443 3873 1668 3974 quod,
1719 3874 2025 3973 primum
2071 3895 2319 3975 navem
2377 3871 2881 3962 conscendens,
2933 3872 3046 3945 vix
3096 3896 3407 3971 unquam
3456 3896 3531 3946 se
3576 3870 3799 3946 facere

745 4019 948 4095 posse
991 3993 1316 4070 credebat
1343 4001 1426 4083 ‚et
1466 3993 1916 4094 respondebit
1959 3992 2453 4092 experientiam
2500 3991 2876 4068 multorum
2928 4016 3273 4068 annorum
3321 3990 3538 4067 felicis
3588 3990 3799 4067 huius

746 4116 848 4189 rei
893 4138 1174 4191 causam
1219 4138 1392 4197 esse.
1859 4202 1872 4216 ι
3333 4121 3339 4128 ’

845 4234 1122 4335 Rogate
1164 4234 1652 4323 architectum,
1719 4234 1846 4333 qui
1913 4234 2038 4309 fiat
2092 4240 2172 4307 ut
2229 4229 2481 4307 turrim
2528 4231 2821 4307 educere
2867 4232 3154 4324 audeat,
3209 4258 3424 4333 quam
3468 4230 3797 4308 mirantes

749 4354 1168 4455 suspicimus
1187 4412 1208 4444 ,
1275 4354 1476 4429 cuius
1523 4354 1596 4429 in
1649 4378 1925 4430 summo
1967 4351 2246 4453 fastigio
2291 4352 2451 4428 licet
2494 4361 2735 4428 exorta
2802 4353 2893 4429 sit
2956 4358 3335 4453 tempestas
3387 4358 3545 4427 tuto
3596 4350 3799 4427 insis-

747 4483 892 4551 tere
953 4500 1375 4575 possumus3
1449 4481 1686 4576 rogate
1753 4497 1916 4548 eum
1984 4469 2335 4570 quomodo
2399 4470 2792 4547 aedificium
2859 4474 3211 4546 exstruere
3278 4470 3535 4569 possit,
3608 4468 3801 4567 quod

747 4594 1040 4671 iniuriae
1106 4594 1438 4695 temporis
1497 4618 1753 4669 rerum·
1781 4593 2011 4669 edacis
2067 4591 2342 4668 resistat
2394 4599 2467 4666 et
2536 4592 2827 4693 longum
2877 4590 3124 4665 artifici
3165 4596 3489 4689 proroget
3546 4612 3797 4665 aevum

751 4723 824 4791 et
875 4714 1323 4815 respondebit
1379 4714 1873 4815 experientiam
1939 4736 2139 4789 suam
2204 4709 2443 4789 nixam
2511 4710 2831 4801 scientia,
2906 4733 3087 4809 quae
3147 4708 3301 4809 ipsa
3358 4733 3447 4785 ex
3503 4708 3799 4787 aliorum
3893 4726 3904 4731 ·

753 4832 1174 4935 experientia
1209 4832 1561 4910 derivatur
1575 4891 1598 4925 ,
1640 4832 1771 4911 hoc
1813 4830 2140 4909 effecisse.
3414 4948 3463 5025 Ξ
