4730 6049
1056 668 1144 736 '10
2123 665 2295 734 VAN
2339 663 2721 733 BONEVAL
2765 665 3035 732 FAURB

1145 876 1397 974 Neque
1469 899 1633 949 sane
1700 873 2022 972 exempla
2089 871 2426 948 deficiunt
2486 873 2746 972 quibus
2810 873 3285 946 Romanorum
3353 873 3513 948 loti
3564 872 3741 948 hanc
3794 872 4106 972 regulam

1049 994 1270 1069 secuti
1311 1001 1500 1070 sunt.
1601 993 1716 1066 Sic
1759 1015 2120 1067 unrmnus
2176 1022 2214 1061 n
2238 992 2529 1066 verbum
2579 1019 2665 1068 es·
2710 993 3053 1092 leyibusss’
3098 992 3371 1091 inquit,
3427 993 3586 1067 usic
3628 992 4105 1091 accipiendum

1047 1121 1192 1188 est:
1244 1121 1390 1188 tam
1433 1139 1522 1188 ex
1559 1112 1795 1212 legum
1846 1111 2188 1186 sententia
2234 1136 2447 1210 quam
2492 1137 2581 1186 ex
2624 1111 2921 1186 verbis.”
2969 1111 3065 1184 Et
3106 1135 3387 1186 nunus
3416 1111 3623 1187 refert
3654 1114 3714 1206 ¹)
3760 1133 4107 1188 sumunt

1057 1233 1452 1308 consultum
1498 1233 1586 1307 de
1633 1233 2042 1331 quaestione
2082 1257 2170 1306 an
2219 1232 2401 1307 actio
2444 1231 2538 1306 ad
2582 1231 3090 1319 exhibendum,
3141 1223 3362 1328 quum
3400 1232 3729 1306 omnibus
3760 1237 4109 1330 compeht

1049 1377 1348 1451 quorum
1408 1356 1728 1440 intersit,
1795 1353 2062 1427 efficere
2115 1349 2334 1449 possit
2379 1357 2459 1423 ut
2507 1348 2809 1423 rationes
2852 1347 3222 1422 adversarii
3264 1348 3755 1423 exhiberentur
3799 1348 3864 1422 ei
3906 1348 4106 1424 cuius

1044 1472 1199 1546 illas
1243 1471 1552 1546 exhiberi
1603 1472 1854 1570 magni
1901 1471 2319 1545 interesset?
2378 1469 2850 1567 respondisse,
2896 1493 3039 1542 non
3088 1477 3401 1566 oportere
3447 1468 3561 1542 ius
3604 1468 3800 1543 civile
3842 1468 4101 1543 calum-

1045 1591 1223 1666 niari
1282 1616 1514 1691 neque
1589 1591 1797 1666 verba
1861 1600 2138 1689 captare
2207 1589 2332 1663 sed
2406 1616 2543 1689 qua
2604 1597 2823 1664 mente
2879 1587 3051 1686 quid
3112 1587 3457 1663 diceretur
3479 1646 3500 1676 ,
3562 1588 4103 1664 animadvertere

1041 1713 1424 1787 convenire.
1524 1711 1713 1785 Nam
1759 1711 1878 1785 illa
1915 1710 2253 1797 ratione”,
2299 1708 2397 1783 sic
2436 1733 2586 1783 rem
2626 1709 2942 1807 exemplo
2998 1708 3331 1797 illustrat,
3398 1709 3663 1783 uetiam
3710 1707 4101 1782 studiosum

1038 1833 1330 1908 alicuius
1393 1831 1743 1912 doctrinae
1807 1856 2007 1930 posse
2059 1830 2318 1916 dicere,
2370 1853 2498 1902 sua
2552 1828 2881 1902 interesse
2936 1829 3090 1903 illos
3153 1837 3280 1903 aut
3328 1829 3483 1904 illos
3536 1827 3753 1903 libros
3800 1827 3935 1901 sibi
3982 1852 4098 1900 ex·

1041 1951 1298 2026 hiberi:
1370 1950 1535 2048 quia
1593 1950 1653 2024 si
1713 1958 1944 2024 essent
2001 1949 2294 2024 exhibiti
2339 1973 2503 2023 cum
2558 1972 2677 2022 eos
2718 1949 3037 2051 legisset,
3105 1949 3371 2023 doctior
3410 1956 3486 2023 et
3533 1948 3774 2022 melior
3820 1947 4097 2021 futurus

1041 2072 1295 2146 esset.'’

1133 2189 1236 2262 At
1288 2187 1396 2261 vel
1439 2188 1540 2264 sic
1589 2198 1822 2264 tamen
1881 2186 2098 2260 menti
2124 2245 2144 2274 ,
2197 2211 2336 2284 qua
2386 2186 2543 2284 quis
2600 2186 2870 2285 aliquid
2919 2186 3179 2262 dixisse
3224 2189 3729 2262 existimandus
3778 2187 3909 2276 sit,
3960 2210 4101 2261 non

1035 2311 1213 2384 hanc
1285 2310 1424 2384 vim
1494 2306 1940 2385 tribuendam
2005 2333 2156 2382 esse
2215 2316 2502 2381 censent
2568 2317 2649 2381 ut
2669 2365 2689 2394 ,
2752 2331 2973 2404 quum
3022 2333 3221 2382 mens
3276 2309 3377 2384 ita
3422 2309 3595 2383 velle
3635 2307 4091 2407 praetexitur,

1031 2429 1240 2504 verba
1305 2438 1776 2529 torqueantur.
1879 2429 1994 2502 Sic
2045 2427 2234 2501 idem
2283 2450 2551 2501 cusos
2600 2427 2675 2500 in
2720 2425 2856 2501 alio
2918 2426 3065 2500 loco
3114 2430 3179 2519 2)
3237 2427 3361 2501 ubi
3408 2429 3495 2502 de
3541 2427 4101 2528 interpretatione

1036 2548 1380 2624 testatoris
1449 2550 1823 2624 voluntatis
1881 2571 2107 2622 sermo
2169 2553 2276 2618 est
2322 2554 2395 2619 et
2449 2544 2810 2643 quaeritur
2858 2551 3097 2618 utrum
3160 2547 3359 2644 sequi
3406 2547 3607 2621 liceat
3654 2543 4098 2643 significatio-

1030 2693 1192 2743 nem
1234 2694 1443 2767 quam
1480 2678 1768 2745 testator
1801 2676 2088 2765 praeter
2123 2691 2518 2739 communem
2560 2688 2747 2738 mum
2790 2663 3017 2766 verbis
3062 2664 3367 2740 tribuere
3405 2666 3697 2754 solebat,
3746 2666 3896 2763 ipse
3938 2689 4099 2740 cum

1033 2811 1292 2862 snavro
1351 2796 1588 2863 contra
1650 2791 2098 2863 rnnnnomffl
2158 2784 2479 2883 negando
2545 2784 2951 2882 respondet:
3030 2813 3071 2854 n
3096 2809 3403 2860 snsvms
3468 2785 3773 2859 fatetur’'
3832 2786 3931 2860 sic
3982 2785 4098 2858 ille

1038 2937 1072 2973 n
1089 2911 1491 2982 sententiam
1537 2907 1687 2981 eius
1745 2907 1870 3004 qui
1921 2905 2250 3004 legaverit
2270 2963 2290 2992 ,
2343 2904 2561 3002 aspici
2608 2913 2922 3002 oportere
2966 2905 3041 2978 in
3087 2928 3297 3002 quam
3342 2905 3680 2980 rationem
3728 2931 3809 2980 ea
3856 2905 4097 2980 solitus

1030 3026 1121 3100 sit
1185 3027 1452 3102 referre.
1555 3028 1817 3101 Verum
1885 3028 1944 3099 si
2014 3051 2097 3101 ea
2159 3027 2244 3099 de
2291 3026 2536 3125 quibus
2584 3051 2715 3099 non
2766 3028 3217 3125 amszqeretur
3255 3029 3419 3125 quin
3460 3030 3536 3101 in
3580 3030 3806 3101 alieno
3845 3050 4099 3126 yenere

1026 3154 1260 3219 essent
1321 3154 1603 3246 (utputa
1657 3144 1998 3220 escarium
2053 3154 2423 3243 argentum
2458 3202 2479 3235 ,
2550 3153 2673 3218 aut
2730 3146 3020 3244 penulas
3074 3152 3149 3218 et
3194 3152 3423 3244 togas)
3480 3146 3887 3247 supellectili
3932 3143 4091 3243 quis

1029 3264 1416 3339 adscribere
1477 3266 1720 3339 solitus
1778 3265 1908 3353 sit,
1977 3290 2108 3339 non
2151 3266 2401 3337 idcirco
2458 3264 2839 3339 existimari
2882 3272 3195 3363 oportere
3257 3266 3677 3365 supellectile
3730 3265 3959 3365 legata
4004 3289 4088 3339 ea

1029 3408 1308 3483 quoque
1376 3384 1742 3494 contineri:
1815 3411 1946 3458 non
2006 3387 2180 3459 enim
2238 3410 2323 3458 σω
2384 3386 2807 3485 opinionibus
2848 3386 3254 3484 sinyulorum
3296 3388 3424 3459 sed
3468 3412 3553 3460 ea·
3600 3389 3922 3460 communi
3965 3410 4088 3459 m

1025 3508 1296 3579 nomina
1353 3508 1672 3579 eoeaudiri
1745 3507 2007 3580 debere.
2123 3503 2210 3578 Id
2269 3528 2427 3579 vero
2494 3528 2865 3580 runnnom
2928 3530 3178 3602 parum
3237 3504 3578 3604 placuisse
3626 3505 3815 3580 idem
3858 3505 4085 3579 refert.

1025 3623 1165 3697 Hic
1247 3650 1642 3722 nquorsum
1703 3625 1988 3703 nomina
2011 3625 2078 3713 ‚'’
2149 3623 2428 3723 inquit,
2512 3654 2548 3693 n
2576 3623 2711 3697 nisi
2770 3631 2850 3697 ut
2910 3624 3460 3699 demonstrarent
3508 3626 3931 3700 voluntatem
3980 3623 4084 3697 di-

1027 3744 1296 3817 centis?
1371 3744 1695 3841 equidem
1773 3768 1909 3819 non
1986 3744 2276 3819 arbitror
2346 3767 2773 3842 quemquam
2840 3742 3065 3817 dicere
3090 3800 3109 3832 ,
3180 3744 3369 3841 quod
3418 3769 3559 3819 non
3616 3746 3940 3833 sentiret,
4004 3751 4087 3819 ut

1027 3861 1329 3937 maxime
1391 3865 1668 3937 nomine
1733 3888 1902 3938 usus
1943 3864 2080 3952 sit,
2147 3888 2288 3961 quo
2335 3864 2412 3938 id
2456 3862 2791 3961 appellari
2840 3861 3047 3937 solet:
3100 3887 3264 3937 nam
3310 3867 3489 3939 vocis
3530 3867 3905 3939 ministerio
3944 3864 4083 3938 uti·

1029 4004 1223 4055 mur:
1277 3992 1628 4063 caeterum
1673 4007 1878 4057 nemo
1927 3983 2433 4057 existimandus
2484 3992 2592 4057 est
2640 3982 2898 4055 dixisse
2948 3981 3136 4080 quod
3186 4007 3325 4057 non
3370 3992 3603 4059 mente
3646 3984 4081 4083 agitaverit.”

1029 4101 1371 4179 Quamvis
1439 4126 1594 4176 vero
1655 4124 1938 4178 onasum
2001 4129 2140 4177 non
2191 4103 2459 4203 fugiat,
2522 4102 2770 4202 quanti
2818 4100 3039 4175 valeat
3084 4102 3261 4177 ratio
3312 4129 3355 4178 a
3406 4127 3793 4180 runraour.
3830 4104 4079 4191 allata,

1029 4244 1256 4318 neque
1317 4229 1554 4295 contra
1597 4246 1798 4297 suam
1841 4222 2060 4321 ipsius
2102 4223 2415 4321 regulam
2455 4222 2547 4296 ad
2594 4220 2801 4295 verba
2847 4244 2995 4295 rem
3036 4221 3307 4296 reflecti
3352 4222 3573 4313 sinat,
3624 4222 3803 4298 bene
3848 4232 4079 4298 tamen

1021 4340 1350 4440 perspicit
1369 4342 1420 4427 ,'
1461 4341 1692 4445 minus
1749 4350 1932 4417 reete
1999 4341 2200 4416 illum
2264 4342 2355 4416 ad
2434 4340 2733 4439 speciem
2785 4340 3121 4415 rationem
3182 4342 3461 4417 allatam
3516 4344 3881 4419 adnectere
3932 4366 4078 4416 mo·

1025 4460 1334 4559 dumque
1379 4462 1706 4536 excedere
1753 4486 1892 4560 quo
1942 4462 2164 4535 menti
2210 4484 2375 4560 prae
2426 4459 2651 4533 verbis
2696 4458 2795 4533 vis
2848 4458 3059 4534 tribui
3106 4462 3347 4559 possit.
3454 4492 3489 4531 n
3514 4463 3654 4537 Sed
3702 4462 3835 4537 etsi
3885 4486 4077 4562 mag·

1105 4735 1148 4813 ¹)
1187 4736 1282 4794 Fr.
1327 4739 1402 4794 19
1445 4736 1520 4795 D.
1561 4737 1651 4796 ad.
1689 4735 1866 4797 exhib.

1101 4828 1152 4906 ²)
1190 4828 1284 4888 Fr.
1332 4831 1362 4891 7
1406 4832 1432 4906 ᾗ
1476 4834 1510 4888 2
1551 4830 1625 4890 D.
1664 4832 1730 4889 de
1766 4850 1889 4908 cup.
1926 4832 2129 4907 legata.
