4730 6049
1902 665 2463 736 ORATIO.
3627 671 3713 746 47

670 903 708 944 n
725 871 972 972 quidni
1015 872 1250 972 potius
1289 897 1504 972 quam
1549 868 1844 951 aliorum
1891 875 1966 949 in
2013 897 2090 949 re
2129 875 2354 950 aliena
2397 873 2501 949 uti
2546 897 2755 973 opera
2770 875 2796 962 ',
2848 875 2923 948 in
2968 873 3187 972 patrio
3226 874 3377 950 iure
3420 881 3491 949 et
3532 876 3705 950 Ger-

669 1022 706 1062 n
723 993 994 1068 manico
1040 993 1232 1092 quod
1279 992 1524 1068 dicunt
1561 994 1906 1070 elemento
1951 993 2326 1070 evolvendo
2343 1052 2364 1082 ‚
2414 993 2662 1070 eadem
2712 995 2830 1068 via
2872 1019 2953 1069 ac
3008 994 3271 1070 ratione
3322 1019 3673 1070 versemur
3691 1055 3711 1085 ‚

669 1137 863 1212 equa
924 1113 1261 1201 Romani,
1331 1137 1552 1214 quum
1617 1113 1808 1214 leges
1875 1139 2036 1190 suas
2098 1121 2222 1190 aut
2279 1121 2675 1214 praetorum
2736 1136 3019 1188 suorum
3072 1115 3299 1190 edicta
3354 1114 3713 1191 tractanda

667 1231 1192 1330 'suscepissent
1204 1232 1287 1304 P'’
1369 1231 1594 1310 Quasi
1643 1241 1726 1307 ut
1774 1233 1904 1308 hoc
1954 1234 2191 1333 ipsum
2231 1233 2362 1308 rite
2403 1234 2565 1321 fiat,
2632 1256 2807 1308 vana
2854 1242 3065 1333 atque
3119 1235 3313 1310 irrita
3350 1235 3490 1312 sint
3536 1259 3717 1335 quae

661 1351 1055 1428 intueamur
1121 1352 1438 1452 exempla
1458 1410 1478 1440 ‚
1545 1360 1672 1428 aut
1724 1352 1926 1450 quasi
1985 1352 2075 1426 de
2131 1350 2240 1427 his
2293 1375 2437 1426 non
2489 1350 2712 1426 valeat
2760 1350 2837 1424 id
2888 1352 3078 1451 quod
3128 1375 3392 1428 cronno
3439 1353 3529 1428 de
3578 1353 3716 1428 elo·

661 1471 982 1572 quentiae
1018 1480 1166 1546 arte
1188 1530 1210 1560 ‚
1266 1496 1350 1547 ea
1401 1472 1660 1548 scilicet
1704 1495 2093 1572 numquam
2141 1471 2332 1546 illem
2380 1468 2635 1546 habere
2687 1467 2829 1543 vim
2850 1527 2872 1558 ,
2923 1479 3007 1546 ut
3054 1473 3244 1571 quod
3294 1472 3367 1548 in
3420 1472 3722 1571 ingeniis

659 1591 908 1666 nostris
966 1591 1252 1666 omnino
1319 1615 1460 1666 non
1529 1591 1620 1666 sit
1679 1591 1904 1690 pariat
1966 1600 2038 1665 et
2095 1597 2405 1692 procreet
2454 1631 2555 1648 -
2599 1595 2919 1665 naturam
2970 1591 3158 1666 enim
3208 1593 3523 1668 omnium
3564 1615 3715 1667 esse

658 1707 1038 1808 principem
1095 1751 1195 1766 —
1247 1733 1486 1785 verum
1551 1721 1634 1784 ut
1697 1733 1780 1786 ea
1831 1733 2010 1808 quae
2065 1718 2234 1786 sunt
2281 1716 2433 1783 orta
2482 1707 2557 1782 iu
2606 1707 2809 1783 uobis
2859 1717 2931 1784 et
2973 1720 3325 1810 procreata
3346 1769 3367 1800 ‚
3418 1711 3719 1788 educent

657 1837 866 1928 atque
925 1829 1358 1904 confirment.
1475 1828 1674 1905 'l'alia
1741 1828 2072 1928 exempla·
2129 1827 2254 1928 qui
2328 1833 2824 1928 aspernantur,
2900 1853 3041 1905 non
3106 1829 3475 1907 dissimiles
3541 1829 3717 1905 mihi

661 1948 978 2025 videntur
1041 1949 1634 2048 peregrinantium
1657 2008 1678 2039 ‚
1753 1949 1878 2048 qui
1945 1957 2162 2026 terras
2225 1948 2362 2024 sibi
2416 1948 2695 2047 ignotas
2750 1947 2969 2024 visere
3014 1949 3375 2048 cupientes
3393 2007 3414 2038 ‚
3482 1949 3717 2049 potius

539 2151 554 2160 ‚
661 2093 866 2169 quam
933 2068 1225 2146 aliorum
1271 2069 1396 2168 qui
1441 2069 1721 2144 easdem
1765 2077 2246 2169 peragrassent
2294 2069 2613 2169 regiones
2632 2125 2653 2156 ,
2722 2068 3013 2169 vestigia
3060 2069 3259 2168 sequi
3280 2127 3301 2158 ,
3350 2077 3475 2145 aut
3524 2078 3718 2155 tutos

656 2197 864 2288 atque
911 2189 1196 2265 idoneos
1241 2188 1510 2264 itineris
1555 2188 1886 2266 adhibere
1935 2189 2151 2266 duces
2169 2247 2192 2278 ,
2263 2189 2579 2288 undique
2626 2210 2853 2262 errare
2896 2196 2969 2262 et
3020 2188 3519 2290 circumvagari
3571 2214 3719 2266 ma-

655 2309 844 2399 lunt,
909 2309 1010 2384 ita
1074 2317 1156 2383 ut
1217 2333 1360 2408 quo
1413 2308 1706 2384 tendant
1753 2317 1882 2385 aut
1923 2309 2208 2388 omnino
2253 2331 2393 2387 non
2444 2307 2890 2408 perveniant,
2952 2318 3077 2384 aut
3122 2309 3400 2384 nonnisi
3448 2334 3599 2385 sero
3642 2320 3715 2386 et

657 2430 862 2530 longo
931 2428 1225 2505 circuitu
1240 2487 1260 2516 ‚
1331 2453 1416 2503 eo
1475 2453 1616 2528 quo
1663 2428 1798 2503 nisi
1845 2427 1980 2504 sibi
2023 2429 2158 2530 ipsi
2203 2453 2444 2528 sapere
2496 2425 2623 2502 visi
2670 2434 2939 2516 essent,
2990 2428 3141 2503 sine
3188 2453 3442 2528 magno
3484 2429 3719 2506 labore

661 2558 730 2626 et
779 2549 930 2624 sine
973 2549 1116 2624 ulla
1165 2547 1553 2625 diffidentia
1595 2549 1938 2624 maturius
1977 2547 2265 2648 perduci
2308 2547 2738 2649 potuissent3
2788 2556 2913 2622 aut
2958 2555 3037 2621 ut
3083 2547 3221 2623 alia
3264 2547 3719 2624 similitudine

661 2677 852 2758 utar,
919 2669 1048 2769 qui
1103 2669 1294 2746 omni
1347 2677 1700 2746 contemto
1743 2668 1922 2744 duce
1971 2669 2116 2744 suis
2156 2693 2232 2743 se
2274 2667 2569 2768 propriis
2622 2665 2754 2741 niti
2796 2665 3100 2757 viribus,
3148 2693 3289 2744 non
3340 2668 3490 2743 sine
3532 2693 3717 2744 arro-

659 2789 893 2890 gantia
952 2789 1356 2880 clamitant,
1418 2789 1496 2864 hi
1559 2813 1724 2865 sane
1785 2812 1925 2864 non
1977 2788 2282 2864 multum
2329 2787 2589 2862 absunt
2633 2811 2678 2862 a
2730 2785 3081 2862 tironibus
3098 2845 3119 2876 ‚
3173 2788 3297 2887 qui
3344 2787 3517 2862 dum
3560 2789 3721 2888 pin-

659 2909 888 3008 gendo
945 2933 1100 2984 sese
1169 2916 1492 2986 exercent
1506 2965 1528 2997 ,
1595 2915 1942 3008 quantum
1987 2908 2081 2983 ad
2131 2931 2415 2984 sensum
2464 2906 2691 3007 pulcri
2737 2907 3149 3008 venustiquo
3200 2908 3421 2983 valeat
3461 2906 3719 2984 habere

659 3030 890 3108 oculos
939 3038 1090 3105 arte
1137 3038 1352 3130 atque
1397 3028 1736 3129 exemplis
1781 3028 2187 3106 exercitatos
2205 3086 2227 3119 ,
2274 3052 2527 3129 parum
2572 3027 3029 3129 percipientes
3050 3088 3071 3119 ,
3122 3028 3391 3105 coelum
3415 3086 3437 3118 ,
3486 3054 3677 3107 mare
3696 3090 3717 3121 ,

657 3156 908 3225 terram
927 3207 948 3238 ,
1017 3157 1342 3226 naturam
1413 3150 1632 3225 solam
1701 3150 2073 3226 intuendas
2095 3208 2117 3238 ,
2186 3174 2397 3249 opera
2464 3148 2809 3227 artificum
2884 3150 2993 3227 vel
3064 3150 3327 3249 optime
3406 3151 3495 3225 de
3570 3158 3717 3225 arte

658 3269 1062 3345 meritorum
1109 3270 1352 3369 procul
1399 3268 1724 3345 habenda
1765 3277 1980 3369 atque
2025 3268 2415 3345 abarcenda
2464 3268 2889 3345 existimant.

749 3389 1272 3468 Quaerentibus
1311 3388 1529 3488 igitur
1547 3448 1570 3478 ‚
1613 3400 1696 3465 ut
1723 3389 2026 3479 faciunt,
2053 3390 2177 3488 qui
2217 3414 2292 3473 se
2335 3389 2595 3465 facetos
2640 3388 2877 3463 haberi
2922 3388 3165 3463 volunt
3184 3446 3206 3479 ,
3254 3390 3409 3488 φάε
3448 3390 3723 3463 tandem

657 3530 776 3582 nos
823 3508 1148 3585 liberabit
1179 3534 1228 3581 a
1272 3506 1607 3581 Romam‘e
1623 3508 1663 3581 ‚⁹
1729 3506 1828 3583 sic
1869 3506 2433 3606 respondendum
2475 3530 2627 3583 esse
2668 3514 2878 3606 puto:
2932 3506 3162 3583 veniet
3201 3506 3488 3583 fortasse
3530 3506 3715 3595 dies,

659 3650 798 3727 quo
865 3652 910 3703 a
975 3626 1312 3702 Romanis
1379 3625 1753 3703 divortium
1824 3628 2047 3706 facere
2113 3652 2372 3727 eosque
2442 3627 2727 3703 sarcinis
2798 3627 3101 3703 collectis
3172 3651 3283 3701 res
3354 3650 3516 3701 suas
3578 3624 3717 3701 sibi

659 3746 912 3823 habere
979 3745 1422 3835 iubebimus,
1493 3746 1617 3821 sed
1660 3746 1774 3823 hic
1822 3748 1974 3822 dies
2021 3770 2162 3822 non
2207 3745 2403 3846 prius
2440 3746 2832 3837 illucescet,
2882 3770 3098 3845 quam
3148 3746 3426 3822 illorum
3472 3770 3601 3821 nos
3641 3745 3719 3819 in

657 3890 786 3943 suo
825 3890 1082 3967 genere
1125 3865 1326 3940 dotes
1367 3864 1892 3965 aequaverimus
1933 3874 2006 3943 et
2043 3892 2086 3943 a
2123 3866 2501 3955 Romanis,
2553 3868 2903 3965 quo-odo
2942 3866 3279 3943 Romanis
3320 3890 3717 3958 careamus,
3818 3956 3831 3972 .

661 3985 1131 4063 didicerimus.

757 4110 1042 4184 Huncce
1094 4106 1280 4181 diem
1327 4103 1642 4179 nondum
1696 4104 1966 4179 venisse
2009 4128 2136 4203 pro
2187 4112 2373 4181 certo
2416 4104 2755 4180 affirmare
2807 4104 3032 4181 ausim
3159 4104 3343 4180 Nolo
3392 4102 3719 4204 equidem

658 4226 736 4301 id
791 4250 1040 4327 urgere
1059 4285 1080 4315 ‚
1145 4250 1236 4301 ex
1284 4248 1428 4326 quo
1471 4224 1968 4301 recentioribus
2021 4226 2453 4327 temporibus
2500 4226 2773 4301 codices
2816 4224 3055 4323 scripti
3108 4224 3368 4299 fuerint
3410 4222 3716 4323 promul-

657 4348 844 4448 gati,
911 4347 1228 4422 nondum
1281 4368 1438 4424 esse
1481 4354 1832 4445 repertum
1881 4368 2119 4420 eorum
2171 4346 2619 4447 interpretem
2638 4398 2660 4437 ,
2714 4344 2887 4445 quin
2930 4342 2989 4417 si
3034 4368 3199 4418 cum
3240 4344 3714 4418 Romanorum

655 4466 1061 4566 coryphaeis
1119 4466 1546 4555 conferatur,
1613 4466 1875 4555 iaceat,
1945 4465 2037 4540 ali
2045 4465 2138 4540 ud
2211 4466 2385 4565 quid
2450 4473 2805 4566 praeterea
2870 4469 2979 4537 est
3032 4461 3506 4535 observatione
3558 4460 3711 4559 dig·
3798 4486 3803 4491 “

657 4610 856 4662 num.
955 4585 1308 4663 Nimirum
1359 4586 1420 4660 si
1467 4586 1780 4662 animum
1829 4592 2178 4661 vertamus
2225 4585 2319 4660 ad
2368 4586 2541 4662 iuris
2587 4582 3060 4661 conditionem
3111 4580 3335 4677 qualis
3374 4580 3446 4653 in
3489 4578 3712 4679 patria

659 4714 898 4781 nostra
957 4705 1266 4796 obtinet,
1323 4705 1526 4789 'haud
1576 4728 1858 4805 prorsus
1917 4704 2216 4779 iniustae
2269 4704 2450 4779 -mihi
2509 4704 2835 4779 videntur
2884 4698 3201 4799 querelae
3244 4721 3481 4773 eorum
3502 4753 3522 4786 ,
3586 4697 3712 4797 qui

661 4824 841 4901 illud
890 4848 1334 4927 nequaquam
1385 4827 1535 4925 pari
1563 4824 1809 4927 ¹gradu
1857 4846 2020 4900 cum
2081 4823 2427 4899 societatis
2481 4823 2851 4903 hodiernae
2900 4816 3429 4893 necessitatibus
3474 4840 3707 4917 proce-
