4730 6049
1066 656 1197 726 122
2232 666 2305 734 Β.
2368 664 2570 732 TER
2640 660 2934 729 HAAR

1066 864 1308 942 mortis
1356 864 1637 943 Victore
1652 926 1675 958 ‚
1722 868 1920 969 regni
1974 869 2296 945 coelestis
2348 872 2551 971 Rege
2597 895 2677 945 ac
2725 869 3188 971 gubernatore
3210 927 3229 957 ,
3282 868 3464 944 vitae
3516 876 3836 945 aeternae
3887 866 4118 967 largis-

1068 988 1246 1063 simo
1312 989 1670 1087 largitore,
1719 989 2038 1088 reposita.
2142 990 2456 1066 Caveant
2501 992 2720 1091 igitur
2761 1014 2842 1065 ac
2888 988 3168 1063 videant
3213 1012 3302 1064 ne
3323 1048 3344 1077 ,
3395 988 3749 1088 religionis
3795 986 4122 1063 Christia-

1067 1130 1201 1183 nae
1275 1108 1631 1183 Historica
1706 1110 1939 1184 indole
2009 1110 2432 1210 negligenda
2491 1120 2564 1187 et
2639 1109 3184 1197 contemnenda,
3249 1108 3442 1188 idem
3485 1108 3662 1183 illud
3711 1106 4119 1207 principium

1066 1227 1271 1303 vitale
1316 1228 1655 1303 suffocent
1700 1236 1779 1302 et·
1818 1228 2310 1329 exstinguant,
2361 1230 2478 1305 cui
2521 1230 2868 1304 mundum
2903 1230 3138 1328 ipsum
3183 1226 3708 1305 saluberrimam
3747 1227 4124 1302 conversio-

1061 1370 1225 1423 nem
1286 1346 1577 1437 debere,
1650 1348 1842 1423 haud
1906 1349 2105 1423 inviti
2170 1350 2481 1425 fatentur
2539 1352 2664 1442 ⁴2).
2765 1350 2902 1425 Pro
2971 1351 3207 1425 Deum
3262 1349 3762 1424 immortalem!
3829 1347 4125 1422 Perinde

1062 1469 1281 1541 esset!
1355 1469 1457 1542 nil
1524 1468 1799 1544 afferret
1864 1470 2301 1545 detrimenti!
2380 1470 2651 1547 Eodem
2722 1468 2864 1545 fere
2928 1468 3215 1545 rediret:
3252 1468 3542 1544 ‘Utrum
3601 1490 3768 1545 nisu
3827 1488 4122 1541 cnnrsrr

1060 1584 1448 1663 Historiam
1522 1590 1869 1689 acciperes
1933 1614 2021 1665 an
2097 1590 2413 1665 reiiceres
2429 1593 2464 1665 P
2549 1590 2822 1665 Arbitri
2885 1616 2966 1665 ac
3034 1590 3300 1667 iudices
3375 1597 3600 1665 estote
3667 1614 3790 1664 vos
3846 1608 4118 1675 omnes,

1060 1708 1151 1783 A„
1177 1710 1309 1784 A.!
1386 1708 1641 1783 Nonne
1664 1766 1684 1797 ,
1750 1710 1809 1783 si
1874 1710 1966 1783 ad
2027 1712 2380 1813 religionis
2429 1712 2864 1788 Christianae
2917 1712 3058 1787 vim
3103 1711 3622 1787 consolatricem
3675 1718 3748 1785 et
3797 1708 4117 1783 emenda-

1062 1828 1305 1903 uicem
1376 1828 1777 1917 attenditis,
1847 1830 2039 1904 haud
2107 1832 2255 1907 sine
2322 1832 2731 1933 gravissimo
2799 1832 3058 1907 damno
3127 1831 3523 1907 historicam
3603 1830 3754 1907 eius
3820 1827 4120 1903 indolem

1064 1949 1415 2023 contemni
1462 1975 1543 2025 ac
1592 1950 1966 2048 vituperari
2014 1951 2167 2025 inre
2214 1976 2376 2026 meo
2423 1954 2690 2027 affirmo
2707 1954 2745 2026 Ρ

1161 2188 1271 2262 Ex
1332 2188 1419 2263 iis
1439 2246 1460 2276 ‚
1522 2214 1705 2287 quae
1764 2188 1995 2265 adhuc
2054 2191 2447 2290 disputavi,
2506 2191 2648 2267 iam
2707 2190 3220 2289 quodammodo
3281 2192 3590 2271 iudicare
3631 2187 3830 2277 licet,
3879 2188 3968 2266 A.
3997 2191 4114 2266 A.!

1062 2326 1237 2383 num
1272 2308 1374 2381 illi
1414 2309 1748 2383 audiendi
1792 2310 1968 2398 sint,
2004 2312 2129 2409 qui
2170 2336 2256 2385 ex
2300 2311 2618 2411 opposita
2640 2370 2662 2401 ,
2697 2333 2908 2409 quam
2933 2312 3274 2413 impugno
3293 2372 3312 2402 ,
3347 2312 3690 2387 sententia
3721 2311 3822 2384 nil
3851 2310 4112 2400 damni,

1062 2435 1140 2505 at·
1182 2430 1489 2503 multum
1550 2430 1723 2505 lucri
1773 2454 1914 2507 non
1960 2438 2233 2507 tantum
2288 2432 2614 2507 scientiae
2635 2490 2656 2520 ,
2705 2454 2919 2531 quam
2969 2432 3296 2507 omnibus
3345 2432 3638 2523 vinculis
3685 2430 3962 2505 liberari
4011 2454 4124 2505 ve—

1060 2551 1193 2625 lint
1235 2551 1335 2645 ⁴³)
1360 2610 1379 2640 ,
1448 2552 1573 2625 sed
1639 2551 1776 2651 ipsi
1838 2576 2118 2651 quoque
2182 2556 2548 2628 Ecclesiae
2595 2552 2820 2651 parari
2863 2559 2936 2625 et
2973 2552 3296 2627 accedere
3347 2561 3420 2627 et
3468 2550 3604 2624 sibi
3651 2558 3724 2625 et
3765 2550 3920 2625 aliis
3970 2572 4121 2651 per·

1061 2671 1353 2746 madere
1396 2672 1703 2747 student.
1810 2674 2095 2751 Quibus
2142 2674 2319 2749 adeo
2360 2698 2502 2748 non
2547 2673 2922 2762 assentior,
2989 2682 3072 2746 ut
3115 2672 3350 2772 potius
3391 2670 3720 2746 arbitrer:
3773 2670 4122 2745 Historias

1056 2790 1213 2866 basi
1278 2792 1517 2867 relicta
1578 2793 1687 2868 vel
1748 2794 1982 2869 diruta
2044 2794 2374 2869 Societati
2431 2794 2866 2869 Christianae
2939 2792 3200 2869 lentam
3261 2802 3335 2867 et
3401 2788 3874 2866 inevitabilem
3931 2812 4120 2889 prae-

1057 2914 1286 3012 parari
1328 2913 1625 2989 ruinam.
1709 2915 1862 2989 Nec
1902 2924 2137 2989 tamen
2188 2914 2483 2988 dixerim
2536 2936 2736 2988 secus
2789 2913 3166 2989 sentientes
3219 2936 3300 2988 ac
3349 2918 3739 2987 statuentes
3779 2908 4122 2985 Ecclesiae

1060 3033 1359 3108 salutem
1423 3033 1524 3108 nil
1582 3059 1845 3112 curare.
1946 3035 2308 3110 Lubenter
2369 3035 2574 3109 credo
2631 3043 2702 3110 et
2765 3036 3068 3111 concedo
3123 3059 3244 3110 eos
3296 3034 3598 3110 maxime
3653 3033 3731 3108 id
3781 3035 3990 3132 agere
4039 3037 4125 3106 ut

1059 3152 1465 3252 religionem
1510 3153 1979 3230 Christianam
2018 3179 2099 3230 eo
2142 3154 2394 3230 melius
2438 3155 2732 3230 excultis
2771 3157 2981 3232 etiam
3019 3165 3092 3232 et
3135 3155 3454 3232 litteratis
3491 3153 3894 3232 hominibus
3931 3175 4114 3228 oom-

1060 3273 1399 3349 mendent
1440 3274 1585 3368 ⁴⁴);
1660 3274 1783 3350 sed
1844 3275 2017 3376 quin
2077 3275 2368 3350 mirifice
2421 3275 2748 3352 fallantur
2809 3276 2923 3352 vix
2972 3276 3241 3353 dubito.
3341 3277 3596 3352 Nonne
3643 3275 3830 3350 enim
3883 3273 4120 3348 vident

1062 3415 1139 3469 se
1190 3413 1370 3469 nova
1418 3394 1635 3470 veluti
1678 3415 1871 3471 arma
1915 3395 2272 3497 religionis
2322 3405 2597 3472 nostrae
2647 3397 3052 3474 adversariis
3095 3397 3538 3497 suppeditare
3556 3398 3592 3471 Ρ
3662 3396 3918 3470 Nonne
3963 3415 4110 3468 sen-

1016 3515 1249 3590 ‘tiunt
1263 3573 1285 3605 ,
1350 3523 1614 3615 quanto
1675 3516 2025 3592 difficilius
2086 3517 2426 3592 reddatur
2483 3518 2884 3594 hominibus
2950 3520 3366 3620 persuadere
3385 3576 3406 3606 ,
3477 3525 3562 3592 ut
3619 3516 3693 3590 in
3741 3515 4074 3614 religione
4092 3561 4126 3604 ‚-

1062 3655 1243 3734 qnae
1305 3661 1397 3711 ex
1452 3638 1761 3736 ipsorum
1818 3639 2161 3713 sententia
2203 3646 2309 3712 tot
2358 3638 2619 3738 mythis
2662 3638 3000 3715 fabulisve
3041 3645 3148 3714 est
3193 3637 3455 3738 repleta
3476 3694 3498 3726 ‚
3549 3659 3898 3711 summam
3945 3632 4116 3708 veri-

1061 3763 1277 3830 tatem
1301 3814 1322 3844 ,
1390 3779 1737 3839 summam
1798 3759 2053 3858 agendi
2116 3758 2532 3857 vivendique
2577 3783 2892 3834 normam
2949 3783 3280 3858 quaerere
3329 3758 3676 3858 pergant?
3742 3755 3900 3829 Etsi
3949 3754 4118 3852 ipsis

1064 3876 1425 3974 contingat
1454 3878 1824 3953 nonnullos
1858 3879 2068 3954 hacce
2108 3879 2219 3954 via
2256 3875 2346 3953 ad
2389 3901 2686 3954 cnnrsrr
2725 3887 2948 3955 castra
2975 3881 3350 3980 perducere
3380 3878 3500 3952 vel·
3515 3899 3865 3964 revocare,
3915 3873 4118 3974 longe

1062 3995 1371 4096 plurium
1432 3998 1787 4074 mentibus
1850 3999 2323 4073 dubitationes
2388 3998 2748 4088 inficiunt,
2815 4017 2996 4098 quae
3054 3999 3305 4076 animis
3355 3999 3610 4072 infixae
3661 3996 3986 4082 haerent,
4037 4002 4127 4068 ut

1067 4115 1258 4191 letali
1297 4116 1565 4191 vulneri
1610 4117 1923 4193 inhaeret
1962 4119 2251 4198 arundo.
2352 4121 2492 4196 Eat
2537 4143 2726 4196 nnnc
2777 4122 3030 4196 Orator
3071 4143 3297 4208 sacer,
3345 4117 3930 4217 Euangelicarum
3963 4137 4124 4189 nar-

1064 4235 1409 4311 rationum
1482 4235 1995 4336 simplieitatem
2013 4297 2034 4329 ‚
2084 4240 2630 4338 pulcritudinem
2650 4299 2671 4330 ,
2723 4223 3081 4316 veritatem
3103 4221 3343 4316 'etiam
3364 4299 3385 4329 ,
3435 4236 3812 4334 aesthstico
3861 4235 4124 4310 scilicet·

1066 4375 1277 4433 sensu
1295 4417 1316 4447 ,
1380 4357 1471 4432 ad
1520 4357 1791 4432 coelum
1840 4359 2127 4434 extollat
2172 4361 2270 4453 ⁴⁸)
2295 4419 2316 4449 ‚
2385 4369 2458 4436 at
2505 4361 2721 4436 simul
2763 4361 3106 4460 significet
3153 4361 3600 4438 narrationes‘
3627 4357 3782 4434 illas
3831 4355 4120 4430 minime

1063 4477 1451 4554 Historiam
1520 4478 1664 4552 veri
1722 4477 2027 4553 nominis
2082 4482 2432 4556 continere
2452 4539 2473 4570 ,
2537 4482 2662 4558 sed
2721 4489 3056 4580 tanquam
3111 4479 3436 4556 carminis
3487 4471 3689 4582 sphi
3731 4475 4124 4575 fragmenta

1066 4595 1603 4672 considerandas
1674 4621 1825 4673 esse
1884 4606 1957 4674 et
2012 4601 2416 4676 tractandas·
2459 4603 2584 4695 ⁴⁶).
2683 4602 3052 4678 Putatisne
3097 4603 3244 4677 fore
3293 4608 3378 4676 nt
3424 4599 3730 4680 multum
3757 4596 4004 4696 ,prosit
4043 4619 4126 4669 ao

1066 4718 1429 4816 proficiat-P
1494 4757 1593 4776 -
1660 4709 1921 4796 Credat
1973 4721 2283 4798 Iudaeus
2336 4721 2624 4821 Apella!
2709 4725 2886 4799 Non
2961 4723 3060 4798 sic
3126 4723 3505 4824 decipitur]
3571 4741 3712 4796 non
3780 4717 3880 4792 sic
3934 4715 4122 4790 eludi

1068 4855 1149 4911 se
1210 4839 1473 4937 patitur
1536 4842 1679 4916 veri
1706 4865 1994 4918 -sensus
2050 4853 2125 4918 et
2188 4865 2406 4922 amor.
2505 4844 2794 4919 Frustra
2855 4843 3326 4919 Platonismus
3389 4849 3470 4916 et
3509 4837 4124 4939 Neophtonismas
