<?xml version="1.0" encoding="UTF-8"?>
<!DOCTYPE html PUBLIC "-//W3C//DTD XHTML 1.0 Transitional//EN"
    "http://www.w3.org/TR/xhtml1/DTD/xhtml1-transitional.dtd">
<html xmlns="http://www.w3.org/1999/xhtml" xml:lang="en" lang="en">
 <head>
  <title>
</title>
<meta http-equiv="Content-Type" content="text/html;charset=utf-8" />
  <meta name='ocr-system' content='tesseract 3.04.00' />
  <meta name='ocr-capabilities' content='ocr_page ocr_carea ocr_par ocr_line ocrx_word'/>
</head>
<body>
  <div class='ocr_page' id='page_1' title='image "annalesacademic01confgoog_0130.png"; bbox 0 0 4730 6049; ppageno 0'>
   <div class='ocr_carea' id='block_1_1' title="bbox 1073 637 2963 707">
    <p class='ocr_par' dir='ltr' id='par_1_1' title="bbox 1073 637 2963 707">
     <span class='ocr_line' id='line_1_1' title="bbox 1073 637 2963 707; baseline -0.002 0"><span class='ocrx_word' id='word_1_1' title='bbox 1073 643 1200 707; x_wconf 77' lang='lat'><strong>120</strong></span> <span class='ocrx_word' id='word_1_2' title='bbox 2254 638 2325 705; x_wconf 92' lang='lat' dir='ltr'><strong>B.</strong></span> <span class='ocrx_word' id='word_1_3' title='bbox 2397 638 2600 704; x_wconf 79' lang='lat' dir='ltr'><strong>TER</strong></span> <span class='ocrx_word' id='word_1_4' title='bbox 2667 637 2963 704; x_wconf 76' lang='lat' dir='ltr'>HAAR</span> 
     </span>
    </p>
   </div>
   <div class='ocr_carea' id='block_1_2' title="bbox 1065 840 4222 1184">
    <p class='ocr_par' dir='ltr' id='par_1_2' title="bbox 1065 840 4222 1184">
     <span class='ocr_line' id='line_1_2' title="bbox 1072 840 4138 945; baseline -0.001 -26"><span class='ocrx_word' id='word_1_5' title='bbox 1072 847 1161 919; x_wconf 85' lang='lat' dir='ltr'><strong>sit</strong></span> <span class='ocrx_word' id='word_1_6' title='bbox 1184 848 1338 939; x_wconf 75' lang='lat'>³⁷)12</span> <span class='ocrx_word' id='word_1_7' title='bbox 1388 888 1485 901; x_wconf 92' lang='lat'><strong>—-</strong></span> <span class='ocrx_word' id='word_1_8' title='bbox 1534 846 1775 945; x_wconf 90' lang='lat' dir='ltr'><strong>Longe</strong></span> <span class='ocrx_word' id='word_1_9' title='bbox 1816 844 2007 920; x_wconf 88' lang='lat' dir='ltr'><strong>aliud</strong></span> <span class='ocrx_word' id='word_1_10' title='bbox 2052 852 2159 918; x_wconf 88' lang='lat' dir='ltr'><strong>est</strong></span> <span class='ocrx_word' id='word_1_11' title='bbox 2206 867 2478 942; x_wconf 83' lang='lat' dir='ltr'><strong>sperare</strong></span> <span class='ocrx_word' id='word_1_12' title='bbox 2524 843 2669 917; x_wconf 85' lang='lat' dir='ltr'><strong>fore</strong></span> <span class='ocrx_word' id='word_1_13' title='bbox 2721 852 2802 917; x_wconf 91' lang='lat' dir='ltr'><strong>ut</strong></span> <span class='ocrx_word' id='word_1_14' title='bbox 2849 842 3058 917; x_wconf 91' lang='lat' dir='ltr'><strong>homo</strong></span> <span class='ocrx_word' id='word_1_15' title='bbox 3105 840 3312 915; x_wconf 91' lang='lat' dir='ltr'><strong>morti</strong></span> <span class='ocrx_word' id='word_1_16' title='bbox 3355 850 3706 941; x_wconf 85' lang='lat' dir='ltr'><strong>superstes</strong></span> <span class='ocrx_word' id='word_1_17' title='bbox 3751 842 3880 931; x_wconf 90' lang='lat' dir='ltr'><strong>sit,</strong></span> <span class='ocrx_word' id='word_1_18' title='bbox 3929 840 4138 943; x_wconf 83' lang='lat' dir='ltr'><strong>longe</strong></span> 
     </span>
     <span class='ocr_line' id='line_1_3' title="bbox 1065 961 4222 1065; baseline -0.001 -25"><span class='ocrx_word' id='word_1_19' title='bbox 1065 966 1256 1040; x_wconf 90' lang='lat' dir='ltr'><strong>aliud</strong></span> <span class='ocrx_word' id='word_1_20' title='bbox 1307 993 1385 1043; x_wconf 90' lang='lat' dir='ltr'><strong>ac</strong></span> <span class='ocrx_word' id='word_1_21' title='bbox 1438 968 1703 1055; x_wconf 76' lang='lat' dir='ltr'><strong>maiuS,</strong></span> <span class='ocrx_word' id='word_1_22' title='bbox 1772 990 1893 1065; x_wconf 91' lang='lat' dir='ltr'><strong>spe</strong></span> <span class='ocrx_word' id='word_1_23' title='bbox 1942 965 2061 1040; x_wconf 87' lang='lat' dir='ltr'><strong>illa</strong></span> <span class='ocrx_word' id='word_1_24' title='bbox 2106 962 2489 1038; x_wconf 87' lang='lat' dir='ltr'><strong>certissima</strong></span> <span class='ocrx_word' id='word_1_25' title='bbox 2531 988 2612 1039; x_wconf 91' lang='lat' dir='ltr'><strong>ac</strong></span> <span class='ocrx_word' id='word_1_26' title='bbox 2659 961 3058 1037; x_wconf 88' lang='lat' dir='ltr'><strong>firmissima</strong></span> <span class='ocrx_word' id='word_1_27' title='bbox 3104 961 3385 1051; x_wconf 88' lang='lat' dir='ltr'><strong>laetari,</strong></span> <span class='ocrx_word' id='word_1_28' title='bbox 3452 963 3834 1054; x_wconf 85' lang='lat' dir='ltr'><strong>exsultare,</strong></span> <span class='ocrx_word' id='word_1_29' title='bbox 3897 961 4139 1061; x_wconf 80' lang='lat' dir='ltr'><strong>quales</strong></span> <span class='ocrx_word' id='word_1_30' title='bbox 4215 978 4222 985; x_wconf 82' lang='lat'>&#39;</span> 
     </span>
     <span class='ocr_line' id='line_1_4' title="bbox 1067 1080 4138 1184; baseline -0.001 -24"><span class='ocrx_word' id='word_1_31' title='bbox 1067 1097 1171 1161; x_wconf 88' lang='lat' dir='ltr'><strong>tot</strong></span> <span class='ocrx_word' id='word_1_32' title='bbox 1215 1088 1562 1184; x_wconf 82' lang='lat' dir='ltr'><strong>Martyres</strong></span> <span class='ocrx_word' id='word_1_33' title='bbox 1582 1144 1601 1173; x_wconf 95' lang='lat'>‚</span> <span class='ocrx_word' id='word_1_34' title='bbox 1655 1084 1903 1159; x_wconf 85' lang='lat' dir='ltr'><strong>mediis</strong></span> <span class='ocrx_word' id='word_1_35' title='bbox 1952 1084 2025 1158; x_wconf 91' lang='lat' dir='ltr'><strong>in</strong></span> <span class='ocrx_word' id='word_1_36' title='bbox 2068 1084 2436 1159; x_wconf 88' lang='lat' dir='ltr'><strong>tormentis</strong></span> <span class='ocrx_word' id='word_1_37' title='bbox 2487 1083 2597 1158; x_wconf 87' lang='lat' dir='ltr'><strong>vel</strong></span> <span class='ocrx_word' id='word_1_38' title='bbox 2641 1080 3170 1182; x_wconf 78' lang='lat' dir='ltr'><strong>assurgentibus</strong></span> <span class='ocrx_word' id='word_1_39' title='bbox 3219 1082 3560 1171; x_wconf 88' lang='lat' dir='ltr'><strong>flammis,</strong></span> <span class='ocrx_word' id='word_1_40' title='bbox 3609 1084 3908 1181; x_wconf 82' lang='lat' dir='ltr'><strong>hymnos</strong></span> <span class='ocrx_word' id='word_1_41' title='bbox 3955 1080 4138 1181; x_wconf 81' lang='lat' dir='ltr'><strong>psal-</strong></span> 
     </span>
    </p>
   </div>
   <div class='ocr_carea' id='block_1_3' title="bbox 940 1200 4140 1303">
    <p class='ocr_par' dir='ltr' id='par_1_3' title="bbox 940 1200 4140 1303">
     <span class='ocr_line' id='line_1_5' title="bbox 940 1200 4140 1303; baseline -0.001 -24"><span class='ocrx_word' id='word_1_42' title='bbox 940 1250 974 1295; x_wconf 23' lang='lat'><strong>¹·</strong></span> <span class='ocrx_word' id='word_1_43' title='bbox 1066 1206 1285 1281; x_wconf 91' lang='lat' dir='ltr'><strong>lentes</strong></span> <span class='ocrx_word' id='word_1_44' title='bbox 1343 1206 1416 1279; x_wconf 92' lang='lat' dir='ltr'><strong>in</strong></span> <span class='ocrx_word' id='word_1_45' title='bbox 1463 1205 1600 1279; x_wconf 89' lang='lat' dir='ltr'><strong>Dei</strong></span> <span class='ocrx_word' id='word_1_46' title='bbox 1647 1204 2049 1303; x_wconf 81' lang='lat' dir='ltr'>Christique</span> <span class='ocrx_word' id='word_1_47' title='bbox 2093 1205 2426 1280; x_wconf 85' lang='lat' dir='ltr'>honorem</span> <span class='ocrx_word' id='word_1_48' title='bbox 2449 1262 2470 1293; x_wconf 95' lang='lat'><strong>,</strong></span> <span class='ocrx_word' id='word_1_49' title='bbox 2539 1203 2780 1302; x_wconf 90' lang='lat' dir='ltr'><strong>quales</strong></span> <span class='ocrx_word' id='word_1_50' title='bbox 2823 1210 2929 1277; x_wconf 93' lang='lat' dir='ltr'><strong>tot</strong></span> <span class='ocrx_word' id='word_1_51' title='bbox 2977 1202 3132 1301; x_wconf 88' lang='lat' dir='ltr'><strong>pios</strong></span> <span class='ocrx_word' id='word_1_52' title='bbox 3185 1200 3338 1275; x_wconf 88' lang='lat' dir='ltr'><strong>Deo</strong></span> <span class='ocrx_word' id='word_1_53' title='bbox 3387 1200 3806 1300; x_wconf 82' lang='lat' dir='ltr'><strong>Christoque</strong></span> <span class='ocrx_word' id='word_1_54' title='bbox 3853 1202 4140 1276; x_wconf 80' lang='lat' dir='ltr'><strong>devotos</strong></span> 
     </span>
    </p>
   </div>
   <div class='ocr_carea' id='block_1_4' title="bbox 1056 1318 4141 4904">
    <p class='ocr_par' dir='ltr' id='par_1_4' title="bbox 1056 1318 4141 3816">
     <span class='ocr_line' id='line_1_6' title="bbox 1061 1318 4138 1425; baseline -0.002 -24"><span class='ocrx_word' id='word_1_55' title='bbox 1061 1326 1329 1401; x_wconf 89' lang='lat' dir='ltr'><strong>animos</strong></span> <span class='ocrx_word' id='word_1_56' title='bbox 1348 1385 1367 1414; x_wconf 95' lang='lat'>‚</span> <span class='ocrx_word' id='word_1_57' title='bbox 1418 1328 1488 1399; x_wconf 89' lang='lat' dir='ltr'><strong>in</strong></span> <span class='ocrx_word' id='word_1_58' title='bbox 1529 1325 1781 1399; x_wconf 88' lang='lat' dir='ltr'><strong>lectulo</strong></span> <span class='ocrx_word' id='word_1_59' title='bbox 1827 1324 2067 1398; x_wconf 90' lang='lat' dir='ltr'><strong>mortis</strong></span> <span class='ocrx_word' id='word_1_60' title='bbox 2110 1324 2549 1423; x_wconf 91' lang='lat' dir='ltr'><strong>triumphum</strong></span> <span class='ocrx_word' id='word_1_61' title='bbox 2597 1330 2882 1423; x_wconf 84' lang='lat' dir='ltr'><strong>agentes</strong></span> <span class='ocrx_word' id='word_1_62' title='bbox 2903 1380 2922 1411; x_wconf 89' lang='lat'><strong>,</strong></span> <span class='ocrx_word' id='word_1_63' title='bbox 2972 1320 3163 1396; x_wconf 90' lang='lat' dir='ltr'><strong>haud</strong></span> <span class='ocrx_word' id='word_1_64' title='bbox 3208 1318 3358 1425; x_wconf 83' lang='lat' dir='ltr'><strong>sine</strong></span> <span class='ocrx_word' id='word_1_65' title='bbox 3409 1321 3627 1395; x_wconf 89' lang='lat' dir='ltr'><strong>animi</strong></span> <span class='ocrx_word' id='word_1_66' title='bbox 3673 1320 4138 1396; x_wconf 84' lang='lat' dir='ltr'><strong>commotione</strong></span> 
     </span>
     <span class='ocr_line' id='line_1_7' title="bbox 1058 1439 4136 1542; baseline -0.002 -21"><span class='ocrx_word' id='word_1_67' title='bbox 1058 1456 1127 1521; x_wconf 90' lang='lat' dir='ltr'><strong>et</strong></span> <span class='ocrx_word' id='word_1_68' title='bbox 1198 1445 1651 1521; x_wconf 80' lang='lat' dir='ltr'><strong>admiratione</strong></span> <span class='ocrx_word' id='word_1_69' title='bbox 1714 1444 2092 1521; x_wconf 87' lang='lat' dir='ltr'><strong>intuemur.</strong></span> <span class='ocrx_word' id='word_1_70' title='bbox 2211 1443 2428 1523; x_wconf 83' lang='lat' dir='ltr'><strong>Quod</strong></span> <span class='ocrx_word' id='word_1_71' title='bbox 2494 1467 2707 1542; x_wconf 89' lang='lat' dir='ltr'><strong>quam</strong></span> <span class='ocrx_word' id='word_1_72' title='bbox 2769 1465 3005 1517; x_wconf 90' lang='lat' dir='ltr'><strong>verum</strong></span> <span class='ocrx_word' id='word_1_73' title='bbox 3069 1440 3160 1514; x_wconf 91' lang='lat' dir='ltr'><strong>sit</strong></span> <span class='ocrx_word' id='word_1_74' title='bbox 3211 1440 3477 1539; x_wconf 89' lang='lat' dir='ltr'><strong>optime</strong></span> <span class='ocrx_word' id='word_1_75' title='bbox 3527 1439 4098 1539; x_wconf 84' lang='lat' dir='ltr'><strong>persentiscimus</strong></span> <span class='ocrx_word' id='word_1_76' title='bbox 4117 1498 4136 1527; x_wconf 89' lang='lat'><strong>,</strong></span> 
     </span>
     <span class='ocr_line' id='line_1_8' title="bbox 1058 1560 4140 1667; baseline -0.002 -27"><span class='ocrx_word' id='word_1_77' title='bbox 1058 1574 1280 1640; x_wconf 88' lang='lat' dir='ltr'><strong>morte</strong></span> <span class='ocrx_word' id='word_1_78' title='bbox 1325 1588 1564 1639; x_wconf 88' lang='lat' dir='ltr'><strong>eorum</strong></span> <span class='ocrx_word' id='word_1_79' title='bbox 1587 1624 1607 1653; x_wconf 89' lang='lat'><strong>,</strong></span> <span class='ocrx_word' id='word_1_80' title='bbox 1656 1564 1782 1663; x_wconf 92' lang='lat' dir='ltr'><strong>qui</strong></span> <span class='ocrx_word' id='word_1_81' title='bbox 1830 1564 2033 1638; x_wconf 81' lang='lat' dir='ltr'><strong>nobis</strong></span> <span class='ocrx_word' id='word_1_82' title='bbox 2082 1563 2190 1638; x_wconf 91' lang='lat' dir='ltr'><strong>his</strong></span> <span class='ocrx_word' id='word_1_83' title='bbox 2236 1564 2313 1667; x_wconf 85' lang='lat' dir='ltr'><strong>in</strong></span> <span class='ocrx_word' id='word_1_84' title='bbox 2364 1562 2567 1637; x_wconf 90' lang='lat' dir='ltr'><strong>terris</strong></span> <span class='ocrx_word' id='word_1_85' title='bbox 2615 1562 2950 1637; x_wconf 88' lang='lat' dir='ltr'><strong>carissimi</strong></span> <span class='ocrx_word' id='word_1_86' title='bbox 2993 1560 3315 1649; x_wconf 87' lang='lat' dir='ltr'><strong>fuerunt,</strong></span> <span class='ocrx_word' id='word_1_87' title='bbox 3365 1560 3644 1649; x_wconf 87' lang='lat' dir='ltr'><strong>afflicti,</strong></span> <span class='ocrx_word' id='word_1_88' title='bbox 3693 1560 4140 1637; x_wconf 88' lang='lat' dir='ltr'><strong>acerbissima</strong></span> 
     </span>
     <span class='ocr_line' id='line_1_9' title="bbox 1057 1681 4136 1785; baseline -0.001 -26"><span class='ocrx_word' id='word_1_89' title='bbox 1057 1686 1303 1759; x_wconf 86' lang='lat' dir='ltr'><strong>funera</strong></span> <span class='ocrx_word' id='word_1_90' title='bbox 1348 1686 1689 1785; x_wconf 87' lang='lat' dir='ltr'><strong>lugentes.</strong></span> <span class='ocrx_word' id='word_1_91' title='bbox 1752 1728 1855 1746; x_wconf 92' lang='lat'>-</span> <span class='ocrx_word' id='word_1_92' title='bbox 1920 1683 2496 1780; x_wconf 82' lang='lat' dir='ltr'><strong>Quotiescunque</strong></span> <span class='ocrx_word' id='word_1_93' title='bbox 2545 1681 3099 1757; x_wconf 88' lang='lat' dir='ltr'><strong>tristissimorum</strong></span> <span class='ocrx_word' id='word_1_94' title='bbox 3147 1681 3424 1756; x_wconf 91' lang='lat' dir='ltr'><strong>illorum</strong></span> <span class='ocrx_word' id='word_1_95' title='bbox 3473 1688 3864 1780; x_wconf 89' lang='lat' dir='ltr'><strong>temporum</strong></span> <span class='ocrx_word' id='word_1_96' title='bbox 3915 1705 4136 1757; x_wconf 86' lang='lat' dir='ltr'><strong>recor·</strong></span> 
     </span>
     <span class='ocr_line' id='line_1_10' title="bbox 1057 1798 4141 1891; baseline -0.001 -12"><span class='ocrx_word' id='word_1_97' title='bbox 1057 1806 1247 1881; x_wconf 84' lang='lat' dir='ltr'><strong>datio</strong></span> <span class='ocrx_word' id='word_1_98' title='bbox 1328 1805 1501 1879; x_wconf 88' lang='lat' dir='ltr'><strong>mihi</strong></span> <span class='ocrx_word' id='word_1_99' title='bbox 1574 1804 1978 1891; x_wconf 89' lang='lat' dir='ltr'><strong>revertitur,</strong></span> <span class='ocrx_word' id='word_1_100' title='bbox 2062 1802 2262 1876; x_wconf 88' lang='lat' dir='ltr'><strong>toties</strong></span> <span class='ocrx_word' id='word_1_101' title='bbox 2332 1802 2408 1875; x_wconf 91' lang='lat' dir='ltr'><strong>in</strong></span> <span class='ocrx_word' id='word_1_102' title='bbox 2481 1801 2884 1876; x_wconf 88' lang='lat' dir='ltr'><strong>memoriam</strong></span> <span class='ocrx_word' id='word_1_103' title='bbox 2955 1800 3129 1873; x_wconf 91' lang='lat' dir='ltr'><strong>mihi</strong></span> <span class='ocrx_word' id='word_1_104' title='bbox 3198 1800 3498 1875; x_wconf 91' lang='lat' dir='ltr'><strong>redeunt</strong></span> <span class='ocrx_word' id='word_1_105' title='bbox 3568 1798 3739 1875; x_wconf 88' lang='lat' dir='ltr'><strong>haec</strong></span> <span class='ocrx_word' id='word_1_106' title='bbox 3809 1824 4141 1886; x_wconf 68' lang='lat' dir='ltr'><strong>nonaum</strong></span> 
     </span>
     <span class='ocr_line' id='line_1_11' title="bbox 1058 1918 4138 2020; baseline -0.001 -21"><span class='ocrx_word' id='word_1_107' title='bbox 1058 1925 1304 1999; x_wconf 89' lang='lat' dir='ltr'><strong>verba:</strong></span> <span class='ocrx_word' id='word_1_108' title='bbox 1412 1953 1449 1993; x_wconf 82' lang='lat' dir='ltr'><strong>n</strong></span> <span class='ocrx_word' id='word_1_109' title='bbox 1465 1923 1663 2002; x_wconf 85' lang='lat' dir='ltr'><strong>Quid</strong></span> <span class='ocrx_word' id='word_1_110' title='bbox 1707 1947 1791 1997; x_wconf 87' lang='lat' dir='ltr'><strong>ea</strong></span> <span class='ocrx_word' id='word_1_111' title='bbox 1832 1928 2035 1995; x_wconf 92' lang='lat' dir='ltr'><strong>nocte</strong></span> <span class='ocrx_word' id='word_1_112' title='bbox 2080 1921 2255 1995; x_wconf 91' lang='lat' dir='ltr'><strong>mihi</strong></span> <span class='ocrx_word' id='word_1_113' title='bbox 2300 1921 2624 2020; x_wconf 90' lang='lat' dir='ltr'><strong>opitulati</strong></span> <span class='ocrx_word' id='word_1_114' title='bbox 2665 1921 2834 1995; x_wconf 90' lang='lat' dir='ltr'><strong>estis</strong></span> <span class='ocrx_word' id='word_1_115' title='bbox 2877 1918 3330 2020; x_wconf 75' lang='lat' dir='ltr'><strong>Philosophi?</strong></span> <span class='ocrx_word' id='word_1_116' title='bbox 3430 1920 3716 2000; x_wconf 82' lang='lat' dir='ltr'><strong>Quibus</strong></span> <span class='ocrx_word' id='word_1_117' title='bbox 3759 1920 3974 1996; x_wconf 88' lang='lat' dir='ltr'><strong>armis</strong></span> <span class='ocrx_word' id='word_1_118' title='bbox 4026 1944 4138 1995; x_wconf 91' lang='lat' dir='ltr'><strong>me</strong></span> 
     </span>
     <span class='ocr_line' id='line_1_12' title="bbox 1058 2038 4138 2140; baseline -0.001 -23"><span class='ocrx_word' id='word_1_119' title='bbox 1058 2043 1518 2119; x_wconf 78' lang='lat' dir='ltr'><strong>defendistis?</strong></span> <span class='ocrx_word' id='word_1_120' title='bbox 1616 2043 1856 2120; x_wconf 86' lang='lat' dir='ltr'><strong>Quam</strong></span> <span class='ocrx_word' id='word_1_121' title='bbox 1922 2041 2175 2115; x_wconf 89' lang='lat' dir='ltr'><strong>doloris</strong></span> <span class='ocrx_word' id='word_1_122' title='bbox 2240 2049 2514 2139; x_wconf 89' lang='lat' dir='ltr'><strong>partem</strong></span> <span class='ocrx_word' id='word_1_123' title='bbox 2587 2064 2630 2116; x_wconf 91' lang='lat' dir='ltr'><strong>a</strong></span> <span class='ocrx_word' id='word_1_124' title='bbox 2683 2065 2836 2115; x_wconf 90' lang='lat' dir='ltr'><strong>meo</strong></span> <span class='ocrx_word' id='word_1_125' title='bbox 2887 2046 3161 2139; x_wconf 88' lang='lat' dir='ltr'><strong>pectore</strong></span> <span class='ocrx_word' id='word_1_126' title='bbox 3213 2038 3583 2140; x_wconf 85' lang='lat' dir='ltr'><strong>depulistis</strong></span> <span class='ocrx_word' id='word_1_127' title='bbox 3603 2040 3704 2133; x_wconf 78' lang='lat'><strong>⁸⁸)</strong></span> <span class='ocrx_word' id='word_1_128' title='bbox 3729 2042 3821 2115; x_wconf 73' lang='lat'><strong>1³⁹³</strong></span> <span class='ocrx_word' id='word_1_129' title='bbox 3923 2041 4138 2119; x_wconf 83' lang='lat' dir='ltr'><strong>Quod</strong></span> 
     </span>
     <span class='ocr_line' id='line_1_13' title="bbox 1058 2158 4138 2260; baseline -0 -24"><span class='ocrx_word' id='word_1_130' title='bbox 1058 2189 1148 2237; x_wconf 89' lang='lat' dir='ltr'><strong>ne</strong></span> <span class='ocrx_word' id='word_1_131' title='bbox 1216 2161 1711 2238; x_wconf 84' lang='lat' dir='ltr'><strong>contumeliose</strong></span> <span class='ocrx_word' id='word_1_132' title='bbox 1777 2161 1865 2234; x_wconf 94' lang='lat' dir='ltr'><strong>de</strong></span> <span class='ocrx_word' id='word_1_133' title='bbox 1926 2160 2374 2260; x_wconf 85' lang='lat' dir='ltr'><strong>Philosophia</strong></span> <span class='ocrx_word' id='word_1_134' title='bbox 2438 2186 2480 2234; x_wconf 92' lang='lat' dir='ltr'><strong>a</strong></span> <span class='ocrx_word' id='word_1_135' title='bbox 2539 2186 2652 2236; x_wconf 92' lang='lat' dir='ltr'><strong>me</strong></span> <span class='ocrx_word' id='word_1_136' title='bbox 2719 2159 2987 2235; x_wconf 90' lang='lat' dir='ltr'><strong>dictum</strong></span> <span class='ocrx_word' id='word_1_137' title='bbox 3045 2158 3347 2259; x_wconf 89' lang='lat' dir='ltr'><strong>putetis,</strong></span> <span class='ocrx_word' id='word_1_138' title='bbox 3417 2160 3508 2235; x_wconf 90' lang='lat' dir='ltr'><strong>A.</strong></span> <span class='ocrx_word' id='word_1_139' title='bbox 3557 2160 3684 2234; x_wconf 83' lang='lat' dir='ltr'><strong>A.1</strong></span> <span class='ocrx_word' id='word_1_140' title='bbox 3737 2159 3869 2235; x_wconf 91' lang='lat' dir='ltr'><strong>hoc</strong></span> <span class='ocrx_word' id='word_1_141' title='bbox 3913 2182 4138 2235; x_wconf 87' lang='lat' dir='ltr'><strong>unum</strong></span> 
     </span>
     <span class='ocr_line' id='line_1_14' title="bbox 1058 2276 4140 2370; baseline -0.002 -12"><span class='ocrx_word' id='word_1_142' title='bbox 1058 2290 1527 2370; x_wconf 88' lang='lat' dir='ltr'><strong>asseverante,</strong></span> <span class='ocrx_word' id='word_1_143' title='bbox 1579 2281 1648 2355; x_wconf 93' lang='lat' dir='ltr'><strong>in</strong></span> <span class='ocrx_word' id='word_1_144' title='bbox 1694 2279 2129 2355; x_wconf 87' lang='lat' dir='ltr'><strong>consolandis</strong></span> <span class='ocrx_word' id='word_1_145' title='bbox 2173 2278 2445 2355; x_wconf 85' lang='lat' dir='ltr'><strong>afflictis</strong></span> <span class='ocrx_word' id='word_1_146' title='bbox 2464 2338 2486 2368; x_wconf 86' lang='lat'><strong>,</strong></span> <span class='ocrx_word' id='word_1_147' title='bbox 2537 2280 2610 2353; x_wconf 92' lang='lat' dir='ltr'><strong>in</strong></span> <span class='ocrx_word' id='word_1_148' title='bbox 2655 2278 2984 2355; x_wconf 88' lang='lat' dir='ltr'><strong>sanandis</strong></span> <span class='ocrx_word' id='word_1_149' title='bbox 3031 2302 3112 2353; x_wconf 89' lang='lat' dir='ltr'><strong>ac</strong></span> <span class='ocrx_word' id='word_1_150' title='bbox 3159 2276 3576 2354; x_wconf 89' lang='lat' dir='ltr'><strong>mulciendis</strong></span> <span class='ocrx_word' id='word_1_151' title='bbox 3619 2279 3838 2353; x_wconf 88' lang='lat' dir='ltr'><strong>animi</strong></span> <span class='ocrx_word' id='word_1_152' title='bbox 3877 2279 4140 2353; x_wconf 85' lang='lat' dir='ltr'><strong>morbis</strong></span> 
     </span>
     <span class='ocr_line' id='line_1_15' title="bbox 1058 2395 4137 2498; baseline -0.001 -23"><span class='ocrx_word' id='word_1_153' title='bbox 1058 2410 1130 2475; x_wconf 91' lang='lat' dir='ltr'><strong>et</strong></span> <span class='ocrx_word' id='word_1_154' title='bbox 1198 2398 1599 2475; x_wconf 90' lang='lat' dir='ltr'><strong>vulneribus</strong></span> <span class='ocrx_word' id='word_1_155' title='bbox 1619 2456 1640 2487; x_wconf 99' lang='lat'><strong>,</strong></span> <span class='ocrx_word' id='word_1_156' title='bbox 1707 2398 1993 2474; x_wconf 87' lang='lat' dir='ltr'><strong>minime</strong></span> <span class='ocrx_word' id='word_1_157' title='bbox 2052 2395 2576 2498; x_wconf 83' lang='lat' dir='ltr'><strong>Philosophiae,</strong></span> <span class='ocrx_word' id='word_1_158' title='bbox 2645 2399 2766 2473; x_wconf 90' lang='lat' dir='ltr'><strong>sed</strong></span> <span class='ocrx_word' id='word_1_159' title='bbox 2819 2396 3138 2495; x_wconf 81' lang='lat' dir='ltr'><strong>religioni</strong></span> <span class='ocrx_word' id='word_1_160' title='bbox 3187 2396 3624 2473; x_wconf 86' lang='lat' dir='ltr'><strong>Christianae</strong></span> <span class='ocrx_word' id='word_1_161' title='bbox 3673 2398 3934 2495; x_wconf 89' lang='lat' dir='ltr'><strong>primas</strong></span> <span class='ocrx_word' id='word_1_162' title='bbox 3981 2422 4137 2496; x_wconf 86' lang='lat' dir='ltr'><strong>par-</strong></span> 
     </span>
     <span class='ocr_line' id='line_1_16' title="bbox 1058 2512 4140 2617; baseline 0 -24"><span class='ocrx_word' id='word_1_163' title='bbox 1058 2532 1166 2596; x_wconf 89' lang='lat' dir='ltr'><strong>tes</strong></span> <span class='ocrx_word' id='word_1_164' title='bbox 1228 2544 1379 2595; x_wconf 88' lang='lat' dir='ltr'><strong>esse</strong></span> <span class='ocrx_word' id='word_1_165' title='bbox 1448 2517 1873 2594; x_wconf 85' lang='lat' dir='ltr'><strong>deferendas.</strong></span> <span class='ocrx_word' id='word_1_166' title='bbox 1990 2516 2295 2593; x_wconf 88' lang='lat' dir='ltr'><strong>Videant</strong></span> <span class='ocrx_word' id='word_1_167' title='bbox 2367 2512 2556 2595; x_wconf 84' lang='lat' dir='ltr'><strong>nunc</strong></span> <span class='ocrx_word' id='word_1_168' title='bbox 2615 2518 2704 2609; x_wconf 88' lang='lat' dir='ltr'><strong>ii,</strong></span> <span class='ocrx_word' id='word_1_169' title='bbox 2772 2519 2898 2617; x_wconf 92' lang='lat' dir='ltr'><strong>qui</strong></span> <span class='ocrx_word' id='word_1_170' title='bbox 2958 2541 3366 2616; x_wconf 87' lang='lat' dir='ltr'><strong>supremum</strong></span> <span class='ocrx_word' id='word_1_171' title='bbox 3418 2517 3507 2592; x_wconf 90' lang='lat' dir='ltr'><strong>de</strong></span> <span class='ocrx_word' id='word_1_172' title='bbox 3559 2518 3750 2593; x_wconf 87' lang='lat' dir='ltr'><strong>hisce</strong></span> <span class='ocrx_word' id='word_1_173' title='bbox 3799 2517 4140 2593; x_wconf 88' lang='lat' dir='ltr'><strong>iudicium</strong></span> 
     </span>
     <span class='ocr_line' id='line_1_17' title="bbox 1056 2635 4140 2739; baseline -0.002 -23"><span class='ocrx_word' id='word_1_174' title='bbox 1056 2640 1347 2716; x_wconf 89' lang='lat' dir='ltr'><strong>intimae</strong></span> <span class='ocrx_word' id='word_1_175' title='bbox 1396 2639 1691 2739; x_wconf 90' lang='lat' dir='ltr'><strong>pectoris</strong></span> <span class='ocrx_word' id='word_1_176' title='bbox 1750 2638 1898 2713; x_wconf 89' lang='lat' dir='ltr'><strong>voci</strong></span> <span class='ocrx_word' id='word_1_177' title='bbox 1969 2637 2141 2730; x_wconf 89' lang='lat' dir='ltr'><strong>(sive</strong></span> <span class='ocrx_word' id='word_1_178' title='bbox 2202 2638 2542 2713; x_wconf 88' lang='lat' dir='ltr'><strong>rationem</strong></span> <span class='ocrx_word' id='word_1_179' title='bbox 2561 2695 2583 2727; x_wconf 93' lang='lat'><strong>,</strong></span> <span class='ocrx_word' id='word_1_180' title='bbox 2648 2662 2932 2713; x_wconf 90' lang='lat' dir='ltr'><strong>sensum</strong></span> <span class='ocrx_word' id='word_1_181' title='bbox 2995 2636 3328 2711; x_wconf 89' lang='lat' dir='ltr'><strong>moralem</strong></span> <span class='ocrx_word' id='word_1_182' title='bbox 3351 2694 3372 2726; x_wconf 92' lang='lat'><strong>,</strong></span> <span class='ocrx_word' id='word_1_183' title='bbox 3436 2636 3926 2713; x_wconf 87' lang='lat' dir='ltr'><strong>conscientiam</strong></span> <span class='ocrx_word' id='word_1_184' title='bbox 3949 2695 3970 2725; x_wconf 94' lang='lat'><strong>,</strong></span> <span class='ocrx_word' id='word_1_185' title='bbox 4029 2635 4140 2710; x_wconf 81' lang='lat' dir='ltr'><strong>vel</strong></span> 
     </span>
     <span class='ocr_line' id='line_1_18' title="bbox 1057 2754 4140 2856; baseline -0.001 -21"><span class='ocrx_word' id='word_1_186' title='bbox 1057 2761 1269 2836; x_wconf 89' lang='lat' dir='ltr'><strong>etiam</strong></span> <span class='ocrx_word' id='word_1_187' title='bbox 1312 2758 1789 2834; x_wconf 90' lang='lat' dir='ltr'><strong>testimonium</strong></span> <span class='ocrx_word' id='word_1_188' title='bbox 1838 2757 2141 2856; x_wconf 78' lang='lat' dir='ltr'><strong>Spiritus</strong></span> <span class='ocrx_word' id='word_1_189' title='bbox 2188 2759 2428 2834; x_wconf 88' lang='lat' dir='ltr'><strong>Sancti</strong></span> <span class='ocrx_word' id='word_1_190' title='bbox 2469 2758 2662 2834; x_wconf 89' lang='lat' dir='ltr'><strong>illam</strong></span> <span class='ocrx_word' id='word_1_191' title='bbox 2709 2757 2994 2849; x_wconf 72' lang='lat' dir='ltr'><strong>dixeris)</strong></span> <span class='ocrx_word' id='word_1_192' title='bbox 3047 2754 3263 2831; x_wconf 91' lang='lat' dir='ltr'><strong>tribui</strong></span> <span class='ocrx_word' id='word_1_193' title='bbox 3305 2756 3553 2845; x_wconf 86' lang='lat' dir='ltr'><strong>velint,</strong></span> <span class='ocrx_word' id='word_1_194' title='bbox 3603 2766 3842 2833; x_wconf 88' lang='lat' dir='ltr'><strong>utrum</strong></span> <span class='ocrx_word' id='word_1_195' title='bbox 3887 2756 4140 2832; x_wconf 89' lang='lat' dir='ltr'><strong>melius</strong></span> 
     </span>
     <span class='ocr_line' id='line_1_19' title="bbox 1059 2876 4136 2981; baseline -0.002 -25"><span class='ocrx_word' id='word_1_196' title='bbox 1059 2882 1333 2981; x_wconf 89' lang='lat' dir='ltr'><strong>generis</strong></span> <span class='ocrx_word' id='word_1_197' title='bbox 1413 2880 1704 2956; x_wconf 89' lang='lat' dir='ltr'><strong>humani</strong></span> <span class='ocrx_word' id='word_1_198' title='bbox 1776 2878 2229 2953; x_wconf 89' lang='lat' dir='ltr'><strong>consolationi</strong></span> <span class='ocrx_word' id='word_1_199' title='bbox 2305 2877 2784 2978; x_wconf 84' lang='lat' dir='ltr'><strong>prospexerint</strong></span> <span class='ocrx_word' id='word_1_200' title='bbox 2851 2885 2924 2952; x_wconf 94' lang='lat' dir='ltr'><strong>et</strong></span> <span class='ocrx_word' id='word_1_201' title='bbox 2993 2876 3512 2953; x_wconf 78' lang='lat' dir='ltr'><strong>consuluerint?</strong></span> <span class='ocrx_word' id='word_1_202' title='bbox 3627 2877 3934 2953; x_wconf 88' lang='lat' dir='ltr'><strong>Videant</strong></span> <span class='ocrx_word' id='word_1_203' title='bbox 4005 2902 4094 2951; x_wconf 91' lang='lat' dir='ltr'><strong>ne</strong></span> <span class='ocrx_word' id='word_1_204' title='bbox 4115 2935 4136 2965; x_wconf 91' lang='lat'><em>‚</em></span> 
     </span>
     <span class='ocr_line' id='line_1_20' title="bbox 1058 2994 4138 3102; baseline -0.002 -25"><span class='ocrx_word' id='word_1_205' title='bbox 1058 3008 1554 3102; x_wconf 85' lang='lat' dir='ltr'><strong>argumentum</strong></span> <span class='ocrx_word' id='word_1_206' title='bbox 1620 2998 1811 3099; x_wconf 92' lang='lat' dir='ltr'><strong>quod</strong></span> <span class='ocrx_word' id='word_1_207' title='bbox 1879 3023 1919 3073; x_wconf 93' lang='lat' dir='ltr'><strong>e</strong></span> <span class='ocrx_word' id='word_1_208' title='bbox 1984 3021 2152 3074; x_wconf 65' lang='lat' dir='ltr'><strong>ruso</strong></span> <span class='ocrx_word' id='word_1_209' title='bbox 2212 2996 2709 3073; x_wconf 87' lang='lat' dir='ltr'><strong>resurrectione</strong></span> <span class='ocrx_word' id='word_1_210' title='bbox 2755 2995 2902 3097; x_wconf 89' lang='lat' dir='ltr'><strong>peti</strong></span> <span class='ocrx_word' id='word_1_211' title='bbox 2955 2995 3166 3084; x_wconf 87' lang='lat' dir='ltr'><strong>solet,</strong></span> <span class='ocrx_word' id='word_1_212' title='bbox 3238 2995 3346 3071; x_wconf 89' lang='lat' dir='ltr'><strong>vel</strong></span> <span class='ocrx_word' id='word_1_213' title='bbox 3391 2996 3586 3096; x_wconf 88' lang='lat' dir='ltr'><strong>parvi</strong></span> <span class='ocrx_word' id='word_1_214' title='bbox 3635 2995 3744 3072; x_wconf 86' lang='lat' dir='ltr'><strong>vel</strong></span> <span class='ocrx_word' id='word_1_215' title='bbox 3789 2994 3994 3072; x_wconf 89' lang='lat' dir='ltr'><strong>nihili</strong></span> <span class='ocrx_word' id='word_1_216' title='bbox 4034 2996 4138 3072; x_wconf 87' lang='lat' dir='ltr'><strong>fa-</strong></span> 
     </span>
     <span class='ocr_line' id='line_1_21' title="bbox 1062 3116 4138 3218; baseline -0.001 -22"><span class='ocrx_word' id='word_1_217' title='bbox 1062 3121 1323 3196; x_wconf 88' lang='lat' dir='ltr'><strong>cientes</strong></span> <span class='ocrx_word' id='word_1_218' title='bbox 1342 3179 1362 3208; x_wconf 89' lang='lat'><strong>,</strong></span> <span class='ocrx_word' id='word_1_219' title='bbox 1429 3128 1501 3194; x_wconf 89' lang='lat' dir='ltr'><strong>et</strong></span> <span class='ocrx_word' id='word_1_220' title='bbox 1570 3119 1705 3194; x_wconf 87' lang='lat' dir='ltr'><strong>sibi</strong></span> <span class='ocrx_word' id='word_1_221' title='bbox 1768 3125 1841 3193; x_wconf 91' lang='lat' dir='ltr'><strong>et</strong></span> <span class='ocrx_word' id='word_1_222' title='bbox 1880 3117 2033 3193; x_wconf 89' lang='lat' dir='ltr'><strong>aliis</strong></span> <span class='ocrx_word' id='word_1_223' title='bbox 2076 3117 2559 3218; x_wconf 88' lang='lat' dir='ltr'><strong>gravissimam</strong></span> <span class='ocrx_word' id='word_1_224' title='bbox 2605 3117 2940 3192; x_wconf 88' lang='lat' dir='ltr'><strong>iacturam</strong></span> <span class='ocrx_word' id='word_1_225' title='bbox 2993 3117 3304 3218; x_wconf 88' lang='lat' dir='ltr'><strong>pariant,</strong></span> <span class='ocrx_word' id='word_1_226' title='bbox 3370 3143 3586 3217; x_wconf 90' lang='lat' dir='ltr'><strong>quam</strong></span> <span class='ocrx_word' id='word_1_227' title='bbox 3634 3116 3891 3192; x_wconf 86' lang='lat' dir='ltr'><strong>frustra</strong></span> <span class='ocrx_word' id='word_1_228' title='bbox 3935 3141 4138 3216; x_wconf 85' lang='lat' dir='ltr'><strong>repa·</strong></span> 
     </span>
     <span class='ocr_line' id='line_1_22' title="bbox 1062 3237 4138 3340; baseline -0 -25"><span class='ocrx_word' id='word_1_229' title='bbox 1062 3265 1214 3315; x_wconf 87' lang='lat' dir='ltr'><strong>rare</strong></span> <span class='ocrx_word' id='word_1_230' title='bbox 1286 3247 1358 3314; x_wconf 90' lang='lat' dir='ltr'><strong>et</strong></span> <span class='ocrx_word' id='word_1_231' title='bbox 1426 3263 1871 3340; x_wconf 89' lang='lat' dir='ltr'><strong>compensare</strong></span> <span class='ocrx_word' id='word_1_232' title='bbox 1941 3245 2279 3314; x_wconf 90' lang='lat' dir='ltr'><strong>conentur</strong></span> <span class='ocrx_word' id='word_1_233' title='bbox 2300 3239 2429 3329; x_wconf 76' lang='lat'><strong>³⁹).</strong></span> <span class='ocrx_word' id='word_1_234' title='bbox 2551 3237 2898 3336; x_wconf 87' lang='lat' dir='ltr'><strong>Equidem</strong></span> <span class='ocrx_word' id='word_1_235' title='bbox 2966 3238 3346 3337; x_wconf 89' lang='lat' dir='ltr'><strong>permultos</strong></span> <span class='ocrx_word' id='word_1_236' title='bbox 3413 3283 3516 3299; x_wconf 93' lang='lat'><strong>--</strong></span> <span class='ocrx_word' id='word_1_237' title='bbox 3587 3239 3838 3338; x_wconf 87' lang='lat' dir='ltr'><strong>quidni</strong></span> <span class='ocrx_word' id='word_1_238' title='bbox 3907 3238 4138 3314; x_wconf 89' lang='lat' dir='ltr'><strong>dicam</strong></span> 
     </span>
     <span class='ocr_line' id='line_1_23' title="bbox 1065 3355 4138 3459; baseline -0 -25"><span class='ocrx_word' id='word_1_239' title='bbox 1065 3383 1278 3458; x_wconf 89' lang='lat' dir='ltr'><strong>quam</strong></span> <span class='ocrx_word' id='word_1_240' title='bbox 1340 3356 1675 3459; x_wconf 89' lang='lat' dir='ltr'><strong>plurimos</strong></span> <span class='ocrx_word' id='word_1_241' title='bbox 1692 3414 1715 3445; x_wconf 89' lang='lat'><strong>,</strong></span> <span class='ocrx_word' id='word_1_242' title='bbox 1784 3381 1924 3432; x_wconf 89' lang='lat' dir='ltr'><strong>non</strong></span> <span class='ocrx_word' id='word_1_243' title='bbox 1996 3365 2273 3434; x_wconf 88' lang='lat' dir='ltr'><strong>tantum</strong></span> <span class='ocrx_word' id='word_1_244' title='bbox 2346 3357 2530 3431; x_wconf 90' lang='lat' dir='ltr'><strong>inter</strong></span> <span class='ocrx_word' id='word_1_245' title='bbox 2593 3355 2804 3432; x_wconf 88' lang='lat' dir='ltr'><strong>rudes</strong></span> <span class='ocrx_word' id='word_1_246' title='bbox 2867 3362 2940 3429; x_wconf 90' lang='lat' dir='ltr'><strong>et</strong></span> <span class='ocrx_word' id='word_1_247' title='bbox 3001 3356 3279 3456; x_wconf 87' lang='lat' dir='ltr'><strong>ignaros</strong></span> <span class='ocrx_word' id='word_1_248' title='bbox 3328 3357 3644 3433; x_wconf 91' lang='lat' dir='ltr'><strong>homines</strong></span> <span class='ocrx_word' id='word_1_249' title='bbox 3663 3417 3684 3448; x_wconf 99' lang='lat'><strong>,</strong></span> <span class='ocrx_word' id='word_1_250' title='bbox 3753 3357 3880 3432; x_wconf 87' lang='lat' dir='ltr'><strong>sed</strong></span> <span class='ocrx_word' id='word_1_251' title='bbox 3925 3358 4138 3434; x_wconf 88' lang='lat' dir='ltr'><strong>etiam</strong></span> 
     </span>
     <span class='ocr_line' id='line_1_24' title="bbox 1062 3475 4138 3576; baseline -0 -22"><span class='ocrx_word' id='word_1_252' title='bbox 1062 3480 1246 3554; x_wconf 89' lang='lat' dir='ltr'><strong>inter</strong></span> <span class='ocrx_word' id='word_1_253' title='bbox 1290 3476 1599 3553; x_wconf 89' lang='lat' dir='ltr'><strong>eruditos</strong></span> <span class='ocrx_word' id='word_1_254' title='bbox 1643 3477 1823 3552; x_wconf 90' lang='lat' dir='ltr'><strong>viros</strong></span> <span class='ocrx_word' id='word_1_255' title='bbox 1870 3501 2021 3552; x_wconf 90' lang='lat' dir='ltr'><strong>esse</strong></span> <span class='ocrx_word' id='word_1_256' title='bbox 2063 3476 2414 3576; x_wconf 85' lang='lat' dir='ltr'><strong>intelligo,</strong></span> <span class='ocrx_word' id='word_1_257' title='bbox 2464 3475 2590 3576; x_wconf 89' lang='lat' dir='ltr'><strong>qui</strong></span> <span class='ocrx_word' id='word_1_258' title='bbox 2629 3501 2884 3576; x_wconf 83' lang='lat' dir='ltr'><strong>magna</strong></span> <span class='ocrx_word' id='word_1_259' title='bbox 2929 3478 3146 3553; x_wconf 88' lang='lat' dir='ltr'><strong>animi</strong></span> <span class='ocrx_word' id='word_1_260' title='bbox 3185 3477 3648 3554; x_wconf 83' lang='lat' dir='ltr'><strong>consolatione</strong></span> <span class='ocrx_word' id='word_1_261' title='bbox 3667 3536 3689 3566; x_wconf 92' lang='lat'><strong>,</strong></span> <span class='ocrx_word' id='word_1_262' title='bbox 3737 3477 4138 3554; x_wconf 89' lang='lat' dir='ltr'><strong>firmissimo</strong></span> 
     </span>
     <span class='ocr_line' id='line_1_25' title="bbox 1066 3597 4137 3698; baseline -0.001 -25"><span class='ocrx_word' id='word_1_263' title='bbox 1066 3599 1216 3698; x_wconf 91' lang='lat' dir='ltr'><strong>spei</strong></span> <span class='ocrx_word' id='word_1_264' title='bbox 1261 3597 1719 3672; x_wconf 87' lang='lat' dir='ltr'><strong>fundamento</strong></span> <span class='ocrx_word' id='word_1_265' title='bbox 1769 3621 1841 3670; x_wconf 90' lang='lat' dir='ltr'><strong>se</strong></span> <span class='ocrx_word' id='word_1_266' title='bbox 1890 3598 2144 3696; x_wconf 88' lang='lat' dir='ltr'><strong>privari</strong></span> <span class='ocrx_word' id='word_1_267' title='bbox 2190 3597 2530 3687; x_wconf 88' lang='lat' dir='ltr'><strong>sentiant,</strong></span> <span class='ocrx_word' id='word_1_268' title='bbox 2582 3597 2643 3671; x_wconf 91' lang='lat' dir='ltr'><strong>si</strong></span> <span class='ocrx_word' id='word_1_269' title='bbox 2691 3597 2870 3674; x_wconf 90' lang='lat' dir='ltr'><strong>hanc</strong></span> <span class='ocrx_word' id='word_1_270' title='bbox 2919 3599 3008 3673; x_wconf 91' lang='lat' dir='ltr'><strong>de</strong></span> <span class='ocrx_word' id='word_1_271' title='bbox 3060 3621 3226 3674; x_wconf 77' lang='lat' dir='ltr'><strong>1ssu</strong></span> <span class='ocrx_word' id='word_1_272' title='bbox 3265 3599 3340 3672; x_wconf 88' lang='lat' dir='ltr'><strong>in</strong></span> <span class='ocrx_word' id='word_1_273' title='bbox 3389 3597 3578 3673; x_wconf 84' lang='lat' dir='ltr'><strong>vivos</strong></span> <span class='ocrx_word' id='word_1_274' title='bbox 3619 3605 3936 3672; x_wconf 86' lang='lat' dir='ltr'><strong>revocato</strong></span> <span class='ocrx_word' id='word_1_275' title='bbox 3979 3620 4137 3697; x_wconf 89' lang='lat' dir='ltr'><strong>per-</strong></span> 
     </span>
     <span class='ocr_line' id='line_1_26' title="bbox 1069 3715 2676 3816; baseline 0.002 -26"><span class='ocrx_word' id='word_1_276' title='bbox 1069 3717 1466 3792; x_wconf 87' lang='lat' dir='ltr'><strong>suasionem</strong></span> <span class='ocrx_word' id='word_1_277' title='bbox 1514 3715 1765 3791; x_wconf 88' lang='lat' dir='ltr'><strong>animis</strong></span> <span class='ocrx_word' id='word_1_278' title='bbox 1816 3715 1961 3790; x_wconf 85' lang='lat' dir='ltr'><strong>suis</strong></span> <span class='ocrx_word' id='word_1_279' title='bbox 2009 3717 2208 3792; x_wconf 85' lang='lat' dir='ltr'><strong>evelli</strong></span> <span class='ocrx_word' id='word_1_280' title='bbox 2255 3723 2676 3816; x_wconf 89' lang='lat' dir='ltr'><strong>paterentur.</strong></span> 
     </span>
    </p>

    <p class='ocr_par' dir='ltr' id='par_1_5' title="bbox 1073 3835 4139 4904">
     <span class='ocr_line' id='line_1_27' title="bbox 1171 3835 4134 3937; baseline 0 -27"><span class='ocrx_word' id='word_1_281' title='bbox 1171 3838 1269 3910; x_wconf 91' lang='lat' dir='ltr'><strong>At</strong></span> <span class='ocrx_word' id='word_1_282' title='bbox 1312 3835 1486 3910; x_wconf 86' lang='lat' dir='ltr'><strong>forte</strong></span> <span class='ocrx_word' id='word_1_283' title='bbox 1539 3843 1621 3909; x_wconf 91' lang='lat' dir='ltr'><strong>ut</strong></span> <span class='ocrx_word' id='word_1_284' title='bbox 1660 3859 1773 3908; x_wconf 91' lang='lat' dir='ltr'><strong>me</strong></span> <span class='ocrx_word' id='word_1_285' title='bbox 1820 3836 2193 3937; x_wconf 88' lang='lat' dir='ltr'><strong>reprimam</strong></span> <span class='ocrx_word' id='word_1_286' title='bbox 2240 3837 2345 3913; x_wconf 86' lang='lat' dir='ltr'><strong>fas</strong></span> <span class='ocrx_word' id='word_1_287' title='bbox 2391 3847 2462 3914; x_wconf 90' lang='lat' dir='ltr'><strong>et</strong></span> <span class='ocrx_word' id='word_1_288' title='bbox 2519 3863 2825 3937; x_wconf 89' lang='lat' dir='ltr'><strong>aequum</strong></span> <span class='ocrx_word' id='word_1_289' title='bbox 2877 3845 3018 3926; x_wconf 88' lang='lat' dir='ltr'><strong>est,</strong></span> <span class='ocrx_word' id='word_1_290' title='bbox 3067 3859 3158 3911; x_wconf 90' lang='lat' dir='ltr'><strong>ne</strong></span> <span class='ocrx_word' id='word_1_291' title='bbox 3203 3835 3390 3912; x_wconf 90' lang='lat' dir='ltr'><strong>iusto</strong></span> <span class='ocrx_word' id='word_1_292' title='bbox 3433 3837 3838 3912; x_wconf 85' lang='lat' dir='ltr'><strong>severiorem</strong></span> <span class='ocrx_word' id='word_1_293' title='bbox 3893 3859 4134 3910; x_wconf 87' lang='lat' dir='ltr'><strong>censo-</strong></span> 
     </span>
     <span class='ocr_line' id='line_1_28' title="bbox 1073 3953 4136 4058; baseline 0.001 -30"><span class='ocrx_word' id='word_1_294' title='bbox 1073 3979 1221 4030; x_wconf 87' lang='lat' dir='ltr'><strong>rem</strong></span> <span class='ocrx_word' id='word_1_295' title='bbox 1290 3954 1400 4030; x_wconf 88' lang='lat' dir='ltr'><strong>vel</strong></span> <span class='ocrx_word' id='word_1_296' title='bbox 1458 3953 1763 4029; x_wconf 89' lang='lat' dir='ltr'><strong>iudicem</strong></span> <span class='ocrx_word' id='word_1_297' title='bbox 1815 3980 2040 4055; x_wconf 86' lang='lat' dir='ltr'><strong>agam.</strong></span> <span class='ocrx_word' id='word_1_298' title='bbox 2140 3959 2461 4034; x_wconf 86' lang='lat' dir='ltr'><strong>Forsitan</strong></span> <span class='ocrx_word' id='word_1_299' title='bbox 2512 3958 2766 4058; x_wconf 91' lang='lat' dir='ltr'><strong>aliquis</strong></span> <span class='ocrx_word' id='word_1_300' title='bbox 2813 3957 2987 4032; x_wconf 90' lang='lat' dir='ltr'><strong>mihi</strong></span> <span class='ocrx_word' id='word_1_301' title='bbox 3032 3955 3348 4032; x_wconf 85' lang='lat' dir='ltr'><strong>obiiciat:</strong></span> <span class='ocrx_word' id='word_1_302' title='bbox 3424 3987 3460 4026; x_wconf 79' lang='lat' dir='ltr'><em>n</em></span> <span class='ocrx_word' id='word_1_303' title='bbox 3478 3957 3734 4033; x_wconf 86' lang='lat' dir='ltr'><strong>Nonne</strong></span> <span class='ocrx_word' id='word_1_304' title='bbox 3776 3957 3958 4030; x_wconf 87' lang='lat' dir='ltr'><strong>inter</strong></span> <span class='ocrx_word' id='word_1_305' title='bbox 4006 3956 4136 4030; x_wconf 93' lang='lat' dir='ltr'><strong>hos</strong></span> 
     </span>
     <span class='ocr_line' id='line_1_29' title="bbox 1074 4073 4134 4175; baseline -0 -26"><span class='ocrx_word' id='word_1_306' title='bbox 1074 4075 1263 4174; x_wconf 90' lang='lat' dir='ltr'><strong>ipsos</strong></span> <span class='ocrx_word' id='word_1_307' title='bbox 1280 4131 1303 4162; x_wconf 88' lang='lat'><strong>,</strong></span> <span class='ocrx_word' id='word_1_308' title='bbox 1367 4097 1543 4173; x_wconf 88' lang='lat' dir='ltr'><strong>quos</strong></span> <span class='ocrx_word' id='word_1_309' title='bbox 1608 4080 1693 4148; x_wconf 91' lang='lat' dir='ltr'><strong>tu</strong></span> <span class='ocrx_word' id='word_1_310' title='bbox 1746 4073 1922 4150; x_wconf 85' lang='lat' dir='ltr'><strong>forte</strong></span> <span class='ocrx_word' id='word_1_311' title='bbox 1978 4074 2372 4152; x_wconf 81' lang='lat' dir='ltr'><strong>Historicae</strong></span> <span class='ocrx_word' id='word_1_312' title='bbox 2420 4074 2632 4150; x_wconf 90' lang='lat' dir='ltr'><strong>huius</strong></span> <span class='ocrx_word' id='word_1_313' title='bbox 2675 4076 2928 4152; x_wconf 89' lang='lat' dir='ltr'><strong>indolis</strong></span> <span class='ocrx_word' id='word_1_314' title='bbox 2977 4083 3536 4175; x_wconf 89' lang='lat' dir='ltr'><strong>contemptorum</strong></span> <span class='ocrx_word' id='word_1_315' title='bbox 3587 4101 3668 4152; x_wconf 84' lang='lat' dir='ltr'><strong>ac</strong></span> <span class='ocrx_word' id='word_1_316' title='bbox 3711 4075 4134 4173; x_wconf 88' lang='lat' dir='ltr'><strong>vituperato-</strong></span> 
     </span>
     <span class='ocr_line' id='line_1_30' title="bbox 1076 4193 4138 4295; baseline 0 -27"><span class='ocrx_word' id='word_1_317' title='bbox 1076 4219 1235 4270; x_wconf 91' lang='lat' dir='ltr'><strong>rum</strong></span> <span class='ocrx_word' id='word_1_318' title='bbox 1278 4194 1559 4270; x_wconf 88' lang='lat' dir='ltr'><strong>nomine</strong></span> <span class='ocrx_word' id='word_1_319' title='bbox 1608 4193 2005 4293; x_wconf 89' lang='lat' dir='ltr'><strong>designares</strong></span> <span class='ocrx_word' id='word_1_320' title='bbox 2026 4252 2047 4283; x_wconf 99' lang='lat'><strong>,</strong></span> <span class='ocrx_word' id='word_1_321' title='bbox 2100 4194 2288 4270; x_wconf 90' lang='lat' dir='ltr'><strong>haud</strong></span> <span class='ocrx_word' id='word_1_322' title='bbox 2334 4195 2544 4295; x_wconf 89' lang='lat' dir='ltr'><strong>pauci</strong></span> <span class='ocrx_word' id='word_1_323' title='bbox 2593 4195 3068 4294; x_wconf 88' lang='lat' dir='ltr'><strong>reperiuntur,</strong></span> <span class='ocrx_word' id='word_1_324' title='bbox 3119 4195 3244 4294; x_wconf 89' lang='lat' dir='ltr'><strong>qui</strong></span> <span class='ocrx_word' id='word_1_325' title='bbox 3293 4195 3670 4272; x_wconf 88' lang='lat' dir='ltr'><strong>beneficam</strong></span> <span class='ocrx_word' id='word_1_326' title='bbox 3721 4199 3906 4270; x_wconf 83' lang='lat' dir='ltr'><strong>certe</strong></span> <span class='ocrx_word' id='word_1_327' title='bbox 3947 4193 4138 4268; x_wconf 91' lang='lat' dir='ltr'><strong>illius</strong></span> 
     </span>
     <span class='ocr_line' id='line_1_31' title="bbox 1077 4311 4139 4415; baseline 0 -28"><span class='ocrx_word' id='word_1_328' title='bbox 1077 4314 1219 4387; x_wconf 87' lang='lat' dir='ltr'><strong>vim</strong></span> <span class='ocrx_word' id='word_1_329' title='bbox 1262 4320 1334 4386; x_wconf 89' lang='lat' dir='ltr'><strong>et</strong></span> <span class='ocrx_word' id='word_1_330' title='bbox 1368 4311 1839 4406; x_wconf 84' lang='lat' dir='ltr'><strong>efficacitatem</strong></span> <span class='ocrx_word' id='word_1_331' title='bbox 1882 4312 1973 4387; x_wconf 89' lang='lat' dir='ltr'><strong>ad</strong></span> <span class='ocrx_word' id='word_1_332' title='bbox 2014 4311 2285 4387; x_wconf 90' lang='lat' dir='ltr'><strong>animos</strong></span> <span class='ocrx_word' id='word_1_333' title='bbox 2321 4311 2690 4387; x_wconf 88' lang='lat' dir='ltr'><strong>hominum</strong></span> <span class='ocrx_word' id='word_1_334' title='bbox 2725 4311 3196 4390; x_wconf 88' lang='lat' dir='ltr'><strong>emendandos</strong></span> <span class='ocrx_word' id='word_1_335' title='bbox 3219 4314 3424 4415; x_wconf 89' lang='lat' dir='ltr'><strong>plane</strong></span> <span class='ocrx_word' id='word_1_336' title='bbox 3447 4323 3680 4392; x_wconf 90' lang='lat' dir='ltr'><strong>tecum</strong></span> <span class='ocrx_word' id='word_1_337' title='bbox 3705 4313 4139 4415; x_wconf 79' lang='lat' dir='ltr'><strong>agnoscant?</strong></span> 
     </span>
     <span class='ocr_line' id='line_1_32' title="bbox 1073 4433 4138 4535; baseline 0 -27"><span class='ocrx_word' id='word_1_338' title='bbox 1073 4435 1329 4509; x_wconf 89' lang='lat' dir='ltr'><strong>Nonne</strong></span> <span class='ocrx_word' id='word_1_339' title='bbox 1391 4433 1773 4509; x_wconf 88' lang='lat' dir='ltr'><strong>doctrinam</strong></span> <span class='ocrx_word' id='word_1_340' title='bbox 1842 4457 2009 4508; x_wconf 73' lang='lat' dir='ltr'><strong>mss</strong></span> <span class='ocrx_word' id='word_1_341' title='bbox 2074 4433 2404 4508; x_wconf 89' lang='lat' dir='ltr'><strong>moralem</strong></span> <span class='ocrx_word' id='word_1_342' title='bbox 2429 4491 2450 4521; x_wconf 88' lang='lat'>‚</span> <span class='ocrx_word' id='word_1_343' title='bbox 2520 4441 2772 4508; x_wconf 88' lang='lat' dir='ltr'><strong>cuncta</strong></span> <span class='ocrx_word' id='word_1_344' title='bbox 2837 4433 2929 4508; x_wconf 91' lang='lat' dir='ltr'><strong>ad</strong></span> <span class='ocrx_word' id='word_1_345' title='bbox 2996 4433 3308 4508; x_wconf 89' lang='lat' dir='ltr'><strong>divinum</strong></span> <span class='ocrx_word' id='word_1_346' title='bbox 3377 4435 3628 4510; x_wconf 90' lang='lat' dir='ltr'><strong>amoris</strong></span> <span class='ocrx_word' id='word_1_347' title='bbox 3683 4441 4138 4535; x_wconf 88' lang='lat' dir='ltr'><strong>praeceptum</strong></span> 
     </span>
     <span class='ocr_line' id='line_1_33' title="bbox 1075 4551 4134 4654; baseline -0.001 -26"><span class='ocrx_word' id='word_1_348' title='bbox 1075 4561 1507 4629; x_wconf 88' lang='lat' dir='ltr'><strong>revocantem</strong></span> <span class='ocrx_word' id='word_1_349' title='bbox 1530 4611 1551 4642; x_wconf 91' lang='lat'><strong>,</strong></span> <span class='ocrx_word' id='word_1_350' title='bbox 1621 4578 1703 4627; x_wconf 92' lang='lat' dir='ltr'><strong>eo</strong></span> <span class='ocrx_word' id='word_1_351' title='bbox 1768 4551 2149 4628; x_wconf 89' lang='lat' dir='ltr'><strong>maioribus</strong></span> <span class='ocrx_word' id='word_1_352' title='bbox 2216 4552 2546 4629; x_wconf 87' lang='lat' dir='ltr'><strong>laudibus</strong></span> <span class='ocrx_word' id='word_1_353' title='bbox 2605 4553 2987 4643; x_wconf 86' lang='lat' dir='ltr'><strong>extollunt,</strong></span> <span class='ocrx_word' id='word_1_354' title='bbox 3049 4579 3192 4653; x_wconf 91' lang='lat' dir='ltr'><strong>quo</strong></span> <span class='ocrx_word' id='word_1_355' title='bbox 3243 4554 3626 4632; x_wconf 90' lang='lat' dir='ltr'><strong>Historiam</strong></span> <span class='ocrx_word' id='word_1_356' title='bbox 3657 4607 3678 4646; x_wconf 92' lang='lat'><strong>,</strong></span> <span class='ocrx_word' id='word_1_357' title='bbox 3731 4562 3974 4654; x_wconf 82' lang='lat' dir='ltr'><strong>utpote</strong></span> <span class='ocrx_word' id='word_1_358' title='bbox 4023 4551 4134 4626; x_wconf 89' lang='lat' dir='ltr'><strong>in-</strong></span> 
     </span>
     <span class='ocr_line' id='line_1_34' title="bbox 1080 4670 4138 4776; baseline 0.001 -30"><span class='ocrx_word' id='word_1_359' title='bbox 1080 4683 1338 4748; x_wconf 90' lang='lat' dir='ltr'><strong>certam</strong></span> <span class='ocrx_word' id='word_1_360' title='bbox 1355 4731 1376 4761; x_wconf 94' lang='lat'><strong>,</strong></span> <span class='ocrx_word' id='word_1_361' title='bbox 1442 4672 1729 4746; x_wconf 91' lang='lat' dir='ltr'><strong>minoris</strong></span> <span class='ocrx_word' id='word_1_362' title='bbox 1791 4671 2013 4746; x_wconf 88' lang='lat' dir='ltr'><strong>facere</strong></span> <span class='ocrx_word' id='word_1_363' title='bbox 2076 4670 2207 4745; x_wconf 91' lang='lat' dir='ltr'><strong>tibi</strong></span> <span class='ocrx_word' id='word_1_364' title='bbox 2258 4672 2622 4749; x_wconf 87' lang='lat' dir='ltr'><strong>videantur</strong></span> <span class='ocrx_word' id='word_1_365' title='bbox 2638 4677 2674 4749; x_wconf 80' lang='lat' dir='ltr'><strong>P</strong></span> <span class='ocrx_word' id='word_1_366' title='bbox 2744 4675 2869 4749; x_wconf 91' lang='lat' dir='ltr'><strong>Nil</strong></span> <span class='ocrx_word' id='word_1_367' title='bbox 2920 4673 3144 4750; x_wconf 91' lang='lat' dir='ltr'><strong>habeo</strong></span> <span class='ocrx_word' id='word_1_368' title='bbox 3163 4731 3184 4762; x_wconf 90' lang='lat'><strong>,</strong></span> <span class='ocrx_word' id='word_1_369' title='bbox 3237 4674 3429 4774; x_wconf 89' lang='lat' dir='ltr'><strong>quod</strong></span> <span class='ocrx_word' id='word_1_370' title='bbox 3469 4699 3814 4776; x_wconf 91' lang='lat' dir='ltr'><strong>opponam</strong></span> <span class='ocrx_word' id='word_1_371' title='bbox 3840 4734 3861 4764; x_wconf 94' lang='lat'><strong>,</strong></span> <span class='ocrx_word' id='word_1_372' title='bbox 3909 4672 4138 4749; x_wconf 83' lang='lat' dir='ltr'><strong>multa</strong></span> 
     </span>
     <span class='ocr_line' id='line_1_35' title="bbox 1082 4791 4132 4904; baseline 0.001 -42"><span class='ocrx_word' id='word_1_373' title='bbox 1082 4815 1239 4866; x_wconf 89' lang='lat' dir='ltr'><strong>vero</strong></span> <span class='ocrx_word' id='word_1_374' title='bbox 1302 4792 1615 4866; x_wconf 90' lang='lat' dir='ltr'><strong>desidero</strong></span> <span class='ocrx_word' id='word_1_375' title='bbox 1638 4850 1659 4880; x_wconf 94' lang='lat'><strong>,</strong></span> <span class='ocrx_word' id='word_1_376' title='bbox 1734 4801 1816 4868; x_wconf 90' lang='lat' dir='ltr'><strong>ut</strong></span> <span class='ocrx_word' id='word_1_377' title='bbox 1885 4791 2204 4892; x_wconf 85' lang='lat' dir='ltr'><strong>religioni</strong></span> <span class='ocrx_word' id='word_1_378' title='bbox 2272 4793 2708 4872; x_wconf 87' lang='lat' dir='ltr'><strong>Christianae</strong></span> <span class='ocrx_word' id='word_1_379' title='bbox 2775 4795 3006 4904; x_wconf 38' lang='lat' dir='ltr'><strong>honos·</strong></span> <span class='ocrx_word' id='word_1_380' title='bbox 3067 4817 3239 4869; x_wconf 78' lang='lat' dir='ltr'><strong>suus</strong></span> <span class='ocrx_word' id='word_1_381' title='bbox 3311 4804 3582 4870; x_wconf 82' lang='lat' dir='ltr'><strong>constet</strong></span> <span class='ocrx_word' id='word_1_382' title='bbox 3648 4820 3729 4871; x_wconf 90' lang='lat' dir='ltr'><strong>ac</strong></span> <span class='ocrx_word' id='word_1_383' title='bbox 3801 4793 4132 4894; x_wconf 85' lang='lat' dir='ltr'><strong>dignitas.</strong></span> 
     </span>
    </p>
   </div>
  </div>
 </body>
</html>
