<?xml version="1.0" encoding="UTF-8"?>
<!DOCTYPE html PUBLIC "-//W3C//DTD XHTML 1.0 Transitional//EN"
    "http://www.w3.org/TR/xhtml1/DTD/xhtml1-transitional.dtd">
<html xmlns="http://www.w3.org/1999/xhtml" xml:lang="en" lang="en">
 <head>
  <title>
</title>
<meta http-equiv="Content-Type" content="text/html;charset=utf-8" />
  <meta name='ocr-system' content='tesseract 3.04.00' />
  <meta name='ocr-capabilities' content='ocr_page ocr_carea ocr_par ocr_line ocrx_word'/>
</head>
<body>
  <div class='ocr_page' id='page_1' title='image "annalesacademic01confgoog_0060.png"; bbox 0 0 4730 6049; ppageno 0'>
   <div class='ocr_carea' id='block_1_1' title="bbox 3833 529 3873 548">
    <p class='ocr_par' dir='ltr' id='par_1_1' title="bbox 3833 529 3873 548">
     <span class='ocr_line' id='line_1_1' title="bbox 3833 529 3873 548; baseline 0 -2"><span class='ocrx_word' id='word_1_1' title='bbox 3833 529 3873 548; x_wconf 45' lang='lat' dir='ltr'>x</span> 
     </span>
    </p>
   </div>
   <div class='ocr_carea' id='block_1_2' title="bbox 1060 625 3008 699">
    <p class='ocr_par' dir='ltr' id='par_1_2' title="bbox 1060 625 3008 699">
     <span class='ocr_line' id='line_1_2' title="bbox 1060 625 3008 699; baseline 0.002 -7"><span class='ocrx_word' id='word_1_2' title='bbox 1060 625 1147 693; x_wconf 70' lang='lat'><strong>50</strong></span> <span class='ocrx_word' id='word_1_3' title='bbox 2172 632 2224 697; x_wconf 92' lang='grc' dir='ltr'><strong>Ι.</strong></span> <span class='ocrx_word' id='word_1_4' title='bbox 2292 631 2365 699; x_wconf 83' lang='grc' dir='ltr'><strong>Ε.</strong></span> <span class='ocrx_word' id='word_1_5' title='bbox 2435 629 3008 697; x_wconf 76' lang='lat' dir='ltr'><strong>Gounsm&#39;r</strong></span> 
     </span>
    </p>
   </div>
   <div class='ocr_carea' id='block_1_3' title="bbox 1043 832 4118 4905">
    <p class='ocr_par' dir='ltr' id='par_1_3' title="bbox 1045 832 4118 2599">
     <span class='ocr_line' id='line_1_3' title="bbox 1060 832 4118 939; baseline 0.001 -32"><span class='ocrx_word' id='word_1_6' title='bbox 1060 832 1233 931; x_wconf 89' lang='lat' dir='ltr'><strong>quid</strong></span> <span class='ocrx_word' id='word_1_7' title='bbox 1294 841 1403 909; x_wconf 88' lang='lat' dir='ltr'><strong>est</strong></span> <span class='ocrx_word' id='word_1_8' title='bbox 1460 836 1651 934; x_wconf 89' lang='lat' dir='ltr'><strong>quod</strong></span> <span class='ocrx_word' id='word_1_9' title='bbox 1704 835 2091 914; x_wconf 76' lang='lat' dir='ltr'><strong>miremur?</strong></span> <span class='ocrx_word' id='word_1_10' title='bbox 2160 839 2238 913; x_wconf 90' lang='lat' dir='ltr'><strong>Si</strong></span> <span class='ocrx_word' id='word_1_11' title='bbox 2294 847 2742 939; x_wconf 83' lang='lat' dir='ltr'><strong>reputemus,</strong></span> <span class='ocrx_word' id='word_1_12' title='bbox 2811 837 3162 938; x_wconf 88' lang='lat' dir='ltr'><strong>quomodo</strong></span> <span class='ocrx_word' id='word_1_13' title='bbox 3205 835 3318 912; x_wconf 85' lang='lat' dir='ltr'><strong>ius</strong></span> <span class='ocrx_word' id='word_1_14' title='bbox 3363 837 3542 912; x_wconf 87' lang='lat' dir='ltr'><strong>illud</strong></span> <span class='ocrx_word' id='word_1_15' title='bbox 3589 861 3636 911; x_wconf 88' lang='lat' dir='ltr'><strong>a</strong></span> <span class='ocrx_word' id='word_1_16' title='bbox 3687 835 3984 910; x_wconf 87' lang='lat' dir='ltr'><strong>rudibus</strong></span> <span class='ocrx_word' id='word_1_17' title='bbox 4033 844 4118 910; x_wconf 87' lang='lat' dir='ltr'><strong>ut</strong></span> 
     </span>
     <span class='ocr_line' id='line_1_4' title="bbox 1060 952 4115 1058; baseline 0.001 -32"><span class='ocrx_word' id='word_1_18' title='bbox 1060 952 1236 1028; x_wconf 88' lang='lat' dir='ltr'><strong>solet</strong></span> <span class='ocrx_word' id='word_1_19' title='bbox 1296 953 1517 1030; x_wconf 87' lang='lat' dir='ltr'><strong>initiis</strong></span> <span class='ocrx_word' id='word_1_20' title='bbox 1578 964 1809 1032; x_wconf 79' lang='lat' dir='ltr'><strong>ortum</strong></span> <span class='ocrx_word' id='word_1_21' title='bbox 1868 965 1941 1032; x_wconf 87' lang='lat' dir='ltr'><strong>et</strong></span> <span class='ocrx_word' id='word_1_22' title='bbox 1994 957 2179 1036; x_wconf 89' lang='lat' dir='ltr'><strong>intra</strong></span> <span class='ocrx_word' id='word_1_23' title='bbox 2242 959 2438 1034; x_wconf 87' lang='lat' dir='ltr'><strong>urbis</strong></span> <span class='ocrx_word' id='word_1_24' title='bbox 2499 959 2776 1035; x_wconf 85' lang='lat' dir='ltr'><strong>moenia</strong></span> <span class='ocrx_word' id='word_1_25' title='bbox 2821 958 3455 1058; x_wconf 79' lang='lat' dir='ltr'><strong>circumscriptum,</strong></span> <span class='ocrx_word' id='word_1_26' title='bbox 3523 955 3814 1032; x_wconf 79' lang='lat' dir='ltr'><strong>subacta</strong></span> <span class='ocrx_word' id='word_1_27' title='bbox 3863 955 4115 1031; x_wconf 88' lang='lat' dir='ltr'><strong>deinde</strong></span> 
     </span>
     <span class='ocr_line' id='line_1_5' title="bbox 1058 1073 4114 1176; baseline 0 -28"><span class='ocrx_word' id='word_1_28' title='bbox 1058 1073 1265 1148; x_wconf 85' lang='lat' dir='ltr'><strong>Italia</strong></span> <span class='ocrx_word' id='word_1_29' title='bbox 1310 1075 1683 1176; x_wconf 80' lang='lat' dir='ltr'>regnisque</span> <span class='ocrx_word' id='word_1_30' title='bbox 1734 1077 1809 1152; x_wconf 89' lang='lat' dir='ltr'><strong>in</strong></span> <span class='ocrx_word' id='word_1_31' title='bbox 1852 1078 2361 1176; x_wconf 87' lang='lat' dir='ltr'><strong>provinciarum</strong></span> <span class='ocrx_word' id='word_1_32' title='bbox 2413 1079 2708 1155; x_wconf 80' lang='lat' dir='ltr'><strong>formam</strong></span> <span class='ocrx_word' id='word_1_33' title='bbox 2761 1079 3058 1154; x_wconf 86' lang='lat' dir='ltr'><strong>redactis</strong></span> <span class='ocrx_word' id='word_1_34' title='bbox 3076 1136 3096 1167; x_wconf 86' lang='lat'>‚</span> <span class='ocrx_word' id='word_1_35' title='bbox 3147 1077 3408 1152; x_wconf 85' lang='lat' dir='ltr'><strong>sensim</strong></span> <span class='ocrx_word' id='word_1_36' title='bbox 3451 1076 3852 1174; x_wconf 75' lang='lat' dir='ltr'>sensimque</span> <span class='ocrx_word' id='word_1_37' title='bbox 3896 1075 4114 1150; x_wconf 88' lang='lat' dir='ltr'><strong>incre-</strong></span> 
     </span>
     <span class='ocr_line' id='line_1_6' title="bbox 1057 1196 4112 1300; baseline -0 -30"><span class='ocrx_word' id='word_1_38' title='bbox 1057 1203 1293 1272; x_wconf 85' lang='lat' dir='ltr'><strong>menta</strong></span> <span class='ocrx_word' id='word_1_39' title='bbox 1334 1196 1628 1294; x_wconf 84' lang='lat' dir='ltr'><strong>ceperit,</strong></span> <span class='ocrx_word' id='word_1_40' title='bbox 1694 1199 2046 1296; x_wconf 87' lang='lat' dir='ltr'><strong>quomodo</strong></span> <span class='ocrx_word' id='word_1_41' title='bbox 2094 1199 2423 1300; x_wconf 72' lang='lat' dir='ltr'><strong>deinceps</strong></span> <span class='ocrx_word' id='word_1_42' title='bbox 2469 1199 2562 1276; x_wconf 88' lang='lat' dir='ltr'><strong>ad</strong></span> <span class='ocrx_word' id='word_1_43' title='bbox 2603 1198 3098 1274; x_wconf 85' lang='lat' dir='ltr'><strong>remotissimas</strong></span> <span class='ocrx_word' id='word_1_44' title='bbox 3153 1205 3226 1272; x_wconf 89' lang='lat' dir='ltr'><strong>et</strong></span> <span class='ocrx_word' id='word_1_45' title='bbox 3271 1196 3538 1272; x_wconf 88' lang='lat' dir='ltr'><strong>diverse</strong></span> <span class='ocrx_word' id='word_1_46' title='bbox 3591 1204 3892 1270; x_wconf 87' lang='lat' dir='ltr'><strong>moratas</strong></span> <span class='ocrx_word' id='word_1_47' title='bbox 3943 1219 4112 1294; x_wconf 83' lang='lat' dir='ltr'><strong>gen-</strong></span> 
     </span>
     <span class='ocr_line' id='line_1_7' title="bbox 1055 1315 4112 1419; baseline 0.001 -31"><span class='ocrx_word' id='word_1_48' title='bbox 1055 1321 1165 1389; x_wconf 89' lang='lat' dir='ltr'><strong>tes</strong></span> <span class='ocrx_word' id='word_1_49' title='bbox 1183 1373 1203 1403; x_wconf 90' lang='lat'>‚</span> <span class='ocrx_word' id='word_1_50' title='bbox 1266 1339 1445 1413; x_wconf 89' lang='lat' dir='ltr'><strong>quae</strong></span> <span class='ocrx_word' id='word_1_51' title='bbox 1497 1341 1647 1392; x_wconf 88' lang='lat' dir='ltr'><strong>sese</strong></span> <span class='ocrx_word' id='word_1_52' title='bbox 1693 1317 1767 1392; x_wconf 85' lang='lat' dir='ltr'><strong>in</strong></span> <span class='ocrx_word' id='word_1_53' title='bbox 1817 1320 2295 1395; x_wconf 88' lang='lat' dir='ltr'><strong>Romanorum</strong></span> <span class='ocrx_word' id='word_1_54' title='bbox 2340 1327 2758 1419; x_wconf 87' lang='lat' dir='ltr'><strong>potestatem</strong></span> <span class='ocrx_word' id='word_1_55' title='bbox 2805 1343 2888 1394; x_wconf 87' lang='lat' dir='ltr'><strong>ac</strong></span> <span class='ocrx_word' id='word_1_56' title='bbox 2939 1318 3276 1392; x_wconf 82' lang='lat' dir='ltr'><strong>ditionem</strong></span> <span class='ocrx_word' id='word_1_57' title='bbox 3331 1316 3690 1392; x_wconf 78' lang='lat' dir='ltr'><strong>dedissent</strong></span> <span class='ocrx_word' id='word_1_58' title='bbox 3707 1375 3726 1404; x_wconf 92' lang='lat'><strong>,</strong></span> <span class='ocrx_word' id='word_1_59' title='bbox 3777 1315 4112 1415; x_wconf 86' lang='lat' dir='ltr'><strong>adaptan-</strong></span> 
     </span>
     <span class='ocr_line' id='line_1_8' title="bbox 1056 1433 4112 1541; baseline 0 -32"><span class='ocrx_word' id='word_1_60' title='bbox 1056 1433 1229 1510; x_wconf 85' lang='lat' dir='ltr'><strong>dum</strong></span> <span class='ocrx_word' id='word_1_61' title='bbox 1268 1435 1479 1511; x_wconf 87' lang='lat' dir='ltr'><strong>fuerit</strong></span> <span class='ocrx_word' id='word_1_62' title='bbox 1497 1496 1517 1526; x_wconf 90' lang='lat'>‚</span> <span class='ocrx_word' id='word_1_63' title='bbox 1566 1439 1843 1538; x_wconf 89' lang='lat' dir='ltr'><strong>qualem</strong></span> <span class='ocrx_word' id='word_1_64' title='bbox 1892 1439 2191 1515; x_wconf 88' lang='lat' dir='ltr'><strong>vicissim</strong></span> <span class='ocrx_word' id='word_1_65' title='bbox 2239 1440 2432 1541; x_wconf 90' lang='lat' dir='ltr'><strong>leges</strong></span> <span class='ocrx_word' id='word_1_66' title='bbox 2479 1449 2551 1515; x_wconf 89' lang='lat' dir='ltr'><strong>et</strong></span> <span class='ocrx_word' id='word_1_67' title='bbox 2587 1439 2913 1514; x_wconf 86' lang='lat' dir='ltr'><strong>instituta</strong></span> <span class='ocrx_word' id='word_1_68' title='bbox 2957 1437 3376 1538; x_wconf 89' lang='lat' dir='ltr'><strong>populorum</strong></span> <span class='ocrx_word' id='word_1_69' title='bbox 3419 1460 3582 1510; x_wconf 90' lang='lat' dir='ltr'><strong>cum</strong></span> <span class='ocrx_word' id='word_1_70' title='bbox 3628 1435 3884 1534; x_wconf 83' lang='lat' dir='ltr'><strong>quibus</strong></span> <span class='ocrx_word' id='word_1_71' title='bbox 3923 1459 4112 1510; x_wconf 88' lang='lat' dir='ltr'><strong>com-</strong></span> 
     </span>
     <span class='ocr_line' id='line_1_9' title="bbox 1054 1555 4110 1657; baseline 0 -27"><span class='ocrx_word' id='word_1_72' title='bbox 1054 1557 1385 1633; x_wconf 88' lang='lat' dir='ltr'><strong>mercium</strong></span> <span class='ocrx_word' id='word_1_73' title='bbox 1445 1571 1633 1648; x_wconf 90' lang='lat' dir='ltr'><strong>erat,</strong></span> <span class='ocrx_word' id='word_1_74' title='bbox 1694 1559 1768 1633; x_wconf 88' lang='lat' dir='ltr'><strong>in</strong></span> <span class='ocrx_word' id='word_1_75' title='bbox 1822 1559 1937 1634; x_wconf 89' lang='lat' dir='ltr'><strong>ius</strong></span> <span class='ocrx_word' id='word_1_76' title='bbox 1990 1560 2391 1636; x_wconf 87' lang='lat' dir='ltr'><strong>Romanum</strong></span> <span class='ocrx_word' id='word_1_77' title='bbox 2445 1561 2584 1635; x_wconf 88' lang='lat' dir='ltr'><strong>vim</strong></span> <span class='ocrx_word' id='word_1_78' title='bbox 2633 1559 3002 1636; x_wconf 84' lang='lat' dir='ltr'><strong>habuerint</strong></span> <span class='ocrx_word' id='word_1_79' title='bbox 3055 1565 3128 1633; x_wconf 91' lang='lat' dir='ltr'><strong>et</strong></span> <span class='ocrx_word' id='word_1_80' title='bbox 3176 1566 3528 1657; x_wconf 88' lang='lat' dir='ltr'><strong>postremo</strong></span> <span class='ocrx_word' id='word_1_81' title='bbox 3575 1579 3738 1630; x_wconf 86' lang='lat' dir='ltr'><strong>cum</strong></span> <span class='ocrx_word' id='word_1_82' title='bbox 3791 1555 3910 1629; x_wconf 91' lang='lat' dir='ltr'><strong>illo</strong></span> <span class='ocrx_word' id='word_1_83' title='bbox 3955 1579 4110 1630; x_wconf 87' lang='lat' dir='ltr'><strong>coa-</strong></span> 
     </span>
     <span class='ocr_line' id='line_1_10' title="bbox 1054 1674 4109 1780; baseline 0 -31"><span class='ocrx_word' id='word_1_84' title='bbox 1054 1674 1349 1765; x_wconf 89' lang='lat' dir='ltr'><strong>luerint;</strong></span> <span class='ocrx_word' id='word_1_85' title='bbox 1422 1677 1483 1752; x_wconf 88' lang='lat' dir='ltr'><strong>si</strong></span> <span class='ocrx_word' id='word_1_86' title='bbox 1551 1704 1753 1778; x_wconf 87' lang='lat' dir='ltr'><strong>porro</strong></span> <span class='ocrx_word' id='word_1_87' title='bbox 1826 1680 2386 1770; x_wconf 83' lang='lat' dir='ltr'><strong>meminerimus,</strong></span> <span class='ocrx_word' id='word_1_88' title='bbox 2461 1705 2542 1754; x_wconf 91' lang='lat' dir='ltr'><strong>eo</strong></span> <span class='ocrx_word' id='word_1_89' title='bbox 2612 1688 2922 1780; x_wconf 89' lang='lat' dir='ltr'><strong>tempore</strong></span> <span class='ocrx_word' id='word_1_90' title='bbox 2998 1703 3140 1779; x_wconf 90' lang='lat' dir='ltr'><strong>quo</strong></span> <span class='ocrx_word' id='word_1_91' title='bbox 3207 1676 3441 1752; x_wconf 86' lang='lat' dir='ltr'><strong>omnia</strong></span> <span class='ocrx_word' id='word_1_92' title='bbox 3511 1677 3585 1751; x_wconf 91' lang='lat' dir='ltr'><strong>in</strong></span> <span class='ocrx_word' id='word_1_93' title='bbox 3647 1675 3846 1775; x_wconf 87' lang='lat' dir='ltr'><strong>peius</strong></span> <span class='ocrx_word' id='word_1_94' title='bbox 3909 1699 4109 1750; x_wconf 87' lang='lat' dir='ltr'><strong>ruere</strong></span> 
     </span>
     <span class='ocr_line' id='line_1_11' title="bbox 1050 1796 4108 1902; baseline -0 -31"><span class='ocrx_word' id='word_1_95' title='bbox 1050 1797 1442 1895; x_wconf 88' lang='lat' dir='ltr'><strong>coepissent</strong></span> <span class='ocrx_word' id='word_1_96' title='bbox 1502 1824 1884 1898; x_wconf 88' lang='lat' dir='ltr'><strong>omnesque</strong></span> <span class='ocrx_word' id='word_1_97' title='bbox 1941 1799 2444 1902; x_wconf 85' lang='lat' dir='ltr'><strong>propemodum</strong></span> <span class='ocrx_word' id='word_1_98' title='bbox 2505 1807 2688 1877; x_wconf 86' lang='lat' dir='ltr'><strong>artes</strong></span> <span class='ocrx_word' id='word_1_99' title='bbox 2739 1825 2819 1876; x_wconf 88' lang='lat' dir='ltr'><strong>ac</strong></span> <span class='ocrx_word' id='word_1_100' title='bbox 2865 1798 3270 1898; x_wconf 87' lang='lat' dir='ltr'><strong>disciplinae</strong></span> <span class='ocrx_word' id='word_1_101' title='bbox 3319 1797 3412 1873; x_wconf 90' lang='lat' dir='ltr'><strong>ad</strong></span> <span class='ocrx_word' id='word_1_102' title='bbox 3462 1796 3826 1871; x_wconf 88' lang='lat' dir='ltr'><strong>interitum</strong></span> <span class='ocrx_word' id='word_1_103' title='bbox 3875 1819 4108 1894; x_wconf 82' lang='lat' dir='ltr'><strong>verge-</strong></span> 
     </span>
     <span class='ocr_line' id='line_1_12' title="bbox 1052 1915 4108 2020; baseline 0 -30"><span class='ocrx_word' id='word_1_104' title='bbox 1052 1925 1209 1990; x_wconf 82' lang='lat' dir='ltr'><strong>rent</strong></span> <span class='ocrx_word' id='word_1_105' title='bbox 1228 1976 1249 2005; x_wconf 91' lang='lat'><strong>,</strong></span> <span class='ocrx_word' id='word_1_106' title='bbox 1300 1918 1517 1993; x_wconf 89' lang='lat' dir='ltr'><strong>solam</strong></span> <span class='ocrx_word' id='word_1_107' title='bbox 1568 1919 2181 2019; x_wconf 88' lang='lat' dir='ltr'><strong>iurisprudentiam</strong></span> <span class='ocrx_word' id='word_1_108' title='bbox 2230 1921 2536 2020; x_wconf 86' lang='lat' dir='ltr'><strong>vigorem</strong></span> <span class='ocrx_word' id='word_1_109' title='bbox 2587 1943 2796 1996; x_wconf 88' lang='lat' dir='ltr'><strong>suum</strong></span> <span class='ocrx_word' id='word_1_110' title='bbox 2839 1918 3208 1994; x_wconf 84' lang='lat' dir='ltr'><strong>retinuisse</strong></span> <span class='ocrx_word' id='word_1_111' title='bbox 3252 1928 3324 1993; x_wconf 89' lang='lat' dir='ltr'><strong>et</strong></span> <span class='ocrx_word' id='word_1_112' title='bbox 3373 1915 4108 1992; x_wconf 84' lang='lat' dir='ltr'><strong>excellentissimorum</strong></span> 
     </span>
     <span class='ocr_line' id='line_1_13' title="bbox 1054 2034 4106 2139; baseline 0.001 -31"><span class='ocrx_word' id='word_1_113' title='bbox 1054 2034 1416 2112; x_wconf 89' lang='lat' dir='ltr'><strong>hominum</strong></span> <span class='ocrx_word' id='word_1_114' title='bbox 1468 2037 1749 2136; x_wconf 85' lang='lat' dir='ltr'><strong>ingenia</strong></span> <span class='ocrx_word' id='word_1_115' title='bbox 1792 2039 2181 2115; x_wconf 84' lang='lat' dir='ltr'><strong>exercuisse</strong></span> <span class='ocrx_word' id='word_1_116' title='bbox 2196 2098 2217 2128; x_wconf 92' lang='lat'>‚</span> <span class='ocrx_word' id='word_1_117' title='bbox 2270 2040 2329 2113; x_wconf 88' lang='lat' dir='ltr'><strong>si</strong></span> <span class='ocrx_word' id='word_1_118' title='bbox 2381 2040 2681 2139; x_wconf 90' lang='lat' dir='ltr'><strong>denique</strong></span> <span class='ocrx_word' id='word_1_119' title='bbox 2727 2037 2904 2114; x_wconf 89' lang='lat' dir='ltr'><strong>ratio</strong></span> <span class='ocrx_word' id='word_1_120' title='bbox 2949 2038 3288 2114; x_wconf 88' lang='lat' dir='ltr'><strong>habeatur</strong></span> <span class='ocrx_word' id='word_1_121' title='bbox 3332 2034 3650 2112; x_wconf 85' lang='lat' dir='ltr'><strong>diuturni</strong></span> <span class='ocrx_word' id='word_1_122' title='bbox 3700 2034 3888 2109; x_wconf 83' lang='lat' dir='ltr'><strong>illius</strong></span> <span class='ocrx_word' id='word_1_123' title='bbox 3929 2042 4106 2110; x_wconf 88' lang='lat' dir='ltr'><strong>tem-</strong></span> 
     </span>
     <span class='ocr_line' id='line_1_14' title="bbox 1048 2154 4108 2259; baseline 0 -29"><span class='ocrx_word' id='word_1_124' title='bbox 1048 2155 1237 2254; x_wconf 88' lang='lat' dir='ltr'><strong>poris</strong></span> <span class='ocrx_word' id='word_1_125' title='bbox 1251 2214 1271 2244; x_wconf 94' lang='lat'><strong>,</strong></span> <span class='ocrx_word' id='word_1_126' title='bbox 1346 2181 1489 2256; x_wconf 93' lang='lat' dir='ltr'><strong>quo</strong></span> <span class='ocrx_word' id='word_1_127' title='bbox 1564 2167 1934 2259; x_wconf 88' lang='lat' dir='ltr'><strong>postquam</strong></span> <span class='ocrx_word' id='word_1_128' title='bbox 2014 2168 2346 2236; x_wconf 88' lang='lat' dir='ltr'><strong>terrarum</strong></span> <span class='ocrx_word' id='word_1_129' title='bbox 2429 2161 2670 2236; x_wconf 89' lang='lat' dir='ltr'><strong>orbem</strong></span> <span class='ocrx_word' id='word_1_130' title='bbox 2754 2158 2889 2234; x_wconf 84' lang='lat' dir='ltr'><strong>sibi</strong></span> <span class='ocrx_word' id='word_1_131' title='bbox 2964 2183 3204 2259; x_wconf 86' lang='lat' dir='ltr'><strong>parere</strong></span> <span class='ocrx_word' id='word_1_132' title='bbox 3277 2156 3656 2258; x_wconf 84' lang='lat' dir='ltr'><strong>coegisset,</strong></span> <span class='ocrx_word' id='word_1_133' title='bbox 3733 2154 4108 2253; x_wconf 87' lang='lat' dir='ltr'><strong>imperium</strong></span> 
     </span>
     <span class='ocr_line' id='line_1_15' title="bbox 1048 2273 4108 2380; baseline 0 -30"><span class='ocrx_word' id='word_1_134' title='bbox 1048 2275 1449 2352; x_wconf 87' lang='lat' dir='ltr'><strong>Romanum</strong></span> <span class='ocrx_word' id='word_1_135' title='bbox 1520 2280 1825 2369; x_wconf 88' lang='lat' dir='ltr'><strong>steterit,</strong></span> <span class='ocrx_word' id='word_1_136' title='bbox 1896 2279 2093 2356; x_wconf 80' lang='lat' dir='ltr'><strong>facile</strong></span> <span class='ocrx_word' id='word_1_137' title='bbox 2166 2279 2580 2380; x_wconf 84' lang='lat' dir='ltr'><strong>intelligitur</strong></span> <span class='ocrx_word' id='word_1_138' title='bbox 2598 2340 2619 2370; x_wconf 92' lang='lat'>‚</span> <span class='ocrx_word' id='word_1_139' title='bbox 2697 2280 2810 2354; x_wconf 85' lang='lat' dir='ltr'><strong>vix</strong></span> <span class='ocrx_word' id='word_1_140' title='bbox 2877 2279 3078 2354; x_wconf 88' lang='lat' dir='ltr'><strong>aliter</strong></span> <span class='ocrx_word' id='word_1_141' title='bbox 3129 2278 3282 2354; x_wconf 89' lang='lat' dir='ltr'><strong>fieri</strong></span> <span class='ocrx_word' id='word_1_142' title='bbox 3347 2301 3584 2378; x_wconf 87' lang='lat' dir='ltr'><strong>posse,</strong></span> <span class='ocrx_word' id='word_1_143' title='bbox 3657 2275 3828 2374; x_wconf 89' lang='lat' dir='ltr'><strong>quin</strong></span> <span class='ocrx_word' id='word_1_144' title='bbox 3883 2275 3960 2348; x_wconf 89' lang='lat' dir='ltr'><strong>in</strong></span> <span class='ocrx_word' id='word_1_145' title='bbox 4021 2273 4108 2350; x_wconf 83' lang='lat' dir='ltr'><strong>iis</strong></span> 
     </span>
     <span class='ocr_line' id='line_1_16' title="bbox 1051 2396 4108 2500; baseline 0 -30"><span class='ocrx_word' id='word_1_146' title='bbox 1051 2421 1230 2495; x_wconf 91' lang='lat' dir='ltr'><strong>quae</strong></span> <span class='ocrx_word' id='word_1_147' title='bbox 1288 2397 1491 2473; x_wconf 92' lang='lat' dir='ltr'><strong>nobis</strong></span> <span class='ocrx_word' id='word_1_148' title='bbox 1552 2410 1925 2500; x_wconf 86' lang='lat' dir='ltr'><strong>supersunt</strong></span> <span class='ocrx_word' id='word_1_149' title='bbox 1988 2401 2161 2476; x_wconf 89' lang='lat' dir='ltr'><strong>iuris</strong></span> <span class='ocrx_word' id='word_1_150' title='bbox 2222 2400 2696 2476; x_wconf 84' lang='lat' dir='ltr'><strong>monumentis</strong></span> <span class='ocrx_word' id='word_1_151' title='bbox 2717 2458 2739 2491; x_wconf 91' lang='lat'><strong>,</strong></span> <span class='ocrx_word' id='word_1_152' title='bbox 2805 2400 3198 2475; x_wconf 77' lang='lat' dir='ltr'><strong>inveniatur</strong></span> <span class='ocrx_word' id='word_1_153' title='bbox 3261 2422 3495 2474; x_wconf 84' lang='lat' dir='ltr'><strong>rerum</strong></span> <span class='ocrx_word' id='word_1_154' title='bbox 3553 2396 3845 2473; x_wconf 90' lang='lat' dir='ltr'><strong>aliarum</strong></span> <span class='ocrx_word' id='word_1_155' title='bbox 3899 2419 4108 2495; x_wconf 85' lang='lat' dir='ltr'><strong>super</strong></span> 
     </span>
     <span class='ocr_line' id='line_1_17' title="bbox 1045 2515 2251 2599; baseline 0.007 -9"><span class='ocrx_word' id='word_1_156' title='bbox 1045 2515 1215 2591; x_wconf 84' lang='lat' dir='ltr'><strong>alias</strong></span> <span class='ocrx_word' id='word_1_157' title='bbox 1263 2529 1813 2596; x_wconf 71' lang='lat' dir='ltr'><strong>coacervatur-um</strong></span> <span class='ocrx_word' id='word_1_158' title='bbox 1860 2522 2251 2599; x_wconf 82' lang='lat' dir='ltr'><strong>thesaurus.</strong></span> 
     </span>
    </p>

    <p class='ocr_par' dir='ltr' id='par_1_4' title="bbox 1044 2632 4104 3334">
     <span class='ocr_line' id='line_1_18' title="bbox 1146 2632 4104 2741; baseline -0.001 -30"><span class='ocrx_word' id='word_1_159' title='bbox 1146 2635 1347 2716; x_wconf 89' lang='lat' dir='ltr'><strong>Haec</strong></span> <span class='ocrx_word' id='word_1_160' title='bbox 1401 2639 1555 2738; x_wconf 88' lang='lat' dir='ltr'><strong>ipsa</strong></span> <span class='ocrx_word' id='word_1_161' title='bbox 1614 2653 1849 2716; x_wconf 90' lang='lat' dir='ltr'><strong>autem</strong></span> <span class='ocrx_word' id='word_1_162' title='bbox 1906 2643 2274 2718; x_wconf 88' lang='lat' dir='ltr'><strong>abundans</strong></span> <span class='ocrx_word' id='word_1_163' title='bbox 2324 2667 2558 2718; x_wconf 90' lang='lat' dir='ltr'><strong>rerum</strong></span> <span class='ocrx_word' id='word_1_164' title='bbox 2614 2642 2813 2741; x_wconf 86' lang='lat' dir='ltr'><strong>copia</strong></span> <span class='ocrx_word' id='word_1_165' title='bbox 2863 2641 2938 2714; x_wconf 92' lang='lat' dir='ltr'><strong>id</strong></span> <span class='ocrx_word' id='word_1_166' title='bbox 2991 2639 3199 2714; x_wconf 88' lang='lat' dir='ltr'><strong>efficit</strong></span> <span class='ocrx_word' id='word_1_167' title='bbox 3217 2697 3236 2726; x_wconf 92' lang='lat'><strong>,</strong></span> <span class='ocrx_word' id='word_1_168' title='bbox 3305 2645 3387 2712; x_wconf 89' lang='lat' dir='ltr'><strong>ut</strong></span> <span class='ocrx_word' id='word_1_169' title='bbox 3444 2659 3587 2735; x_wconf 92' lang='lat' dir='ltr'><strong>quo</strong></span> <span class='ocrx_word' id='word_1_170' title='bbox 3637 2635 3840 2735; x_wconf 89' lang='lat' dir='ltr'><strong>plura</strong></span> <span class='ocrx_word' id='word_1_171' title='bbox 3884 2632 4104 2709; x_wconf 88' lang='lat' dir='ltr'><strong>homi-</strong></span> 
     </span>
     <span class='ocr_line' id='line_1_19' title="bbox 1048 2754 4104 2862; baseline -0.001 -32"><span class='ocrx_word' id='word_1_172' title='bbox 1048 2780 1223 2832; x_wconf 90' lang='lat' dir='ltr'><strong>num</strong></span> <span class='ocrx_word' id='word_1_173' title='bbox 1313 2761 1653 2861; x_wconf 81' lang='lat' dir='ltr'><strong>sagacitas</strong></span> <span class='ocrx_word' id='word_1_174' title='bbox 1739 2764 2036 2862; x_wconf 89' lang='lat' dir='ltr'><strong>reperiat</strong></span> <span class='ocrx_word' id='word_1_175' title='bbox 2120 2788 2297 2839; x_wconf 87' lang='lat' dir='ltr'><strong>nova</strong></span> <span class='ocrx_word' id='word_1_176' title='bbox 2371 2772 2444 2838; x_wconf 88' lang='lat' dir='ltr'><strong>et</strong></span> <span class='ocrx_word' id='word_1_177' title='bbox 2514 2762 2928 2862; x_wconf 82' lang='lat' dir='ltr'><strong>multiplicia</strong></span> <span class='ocrx_word' id='word_1_178' title='bbox 3000 2758 3438 2858; x_wconf 79' lang='lat' dir='ltr'><strong>negotiorum</strong></span> <span class='ocrx_word' id='word_1_179' title='bbox 3517 2754 4104 2854; x_wconf 80' lang='lat' dir='ltr'><strong>expediendorum</strong></span> 
     </span>
     <span class='ocr_line' id='line_1_20' title="bbox 1046 2874 4102 2982; baseline -0.002 -29"><span class='ocrx_word' id='word_1_180' title='bbox 1046 2903 1301 2978; x_wconf 88' lang='lat' dir='ltr'><strong>genera</strong></span> <span class='ocrx_word' id='word_1_181' title='bbox 1322 2938 1343 2968; x_wconf 92' lang='lat'>‚</span> <span class='ocrx_word' id='word_1_182' title='bbox 1410 2906 1690 2981; x_wconf 88' lang='lat' dir='ltr'><strong>quoque</strong></span> <span class='ocrx_word' id='word_1_183' title='bbox 1756 2884 1977 2958; x_wconf 89' lang='lat' dir='ltr'><strong>maier</strong></span> <span class='ocrx_word' id='word_1_184' title='bbox 2029 2891 2444 2982; x_wconf 74' lang='lat' dir='ltr'><strong>augescente</strong></span> <span class='ocrx_word' id='word_1_185' title='bbox 2501 2883 2810 2958; x_wconf 89' lang='lat' dir='ltr'><strong>humana</strong></span> <span class='ocrx_word' id='word_1_186' title='bbox 2867 2877 3247 2966; x_wconf 87' lang='lat' dir='ltr'><strong>industria,</strong></span> <span class='ocrx_word' id='word_1_187' title='bbox 3313 2875 3566 2954; x_wconf 85' lang='lat' dir='ltr'><strong>existat</strong></span> <span class='ocrx_word' id='word_1_188' title='bbox 3613 2897 3870 2950; x_wconf 88' lang='lat' dir='ltr'><strong>rerum.</strong></span> <span class='ocrx_word' id='word_1_189' title='bbox 3893 2874 4102 2948; x_wconf 82' lang='lat' dir='ltr'><strong>eonfi-</strong></span> 
     </span>
     <span class='ocr_line' id='line_1_21' title="bbox 1046 2993 4100 3102; baseline 0 -31"><span class='ocrx_word' id='word_1_190' title='bbox 1046 2995 1443 3073; x_wconf 88' lang='lat' dir='ltr'><strong>ciendarum</strong></span> <span class='ocrx_word' id='word_1_191' title='bbox 1508 3023 1842 3075; x_wconf 87' lang='lat' dir='ltr'><strong>numerus</strong></span> <span class='ocrx_word' id='word_1_192' title='bbox 1902 3009 1975 3076; x_wconf 90' lang='lat' dir='ltr'><strong>et</strong></span> <span class='ocrx_word' id='word_1_193' title='bbox 2032 3001 2360 3092; x_wconf 87' lang='lat' dir='ltr'><strong>varietas,</strong></span> <span class='ocrx_word' id='word_1_194' title='bbox 2429 3027 2512 3077; x_wconf 90' lang='lat' dir='ltr'><strong>eo</strong></span> <span class='ocrx_word' id='word_1_195' title='bbox 2577 3001 2802 3102; x_wconf 89' lang='lat' dir='ltr'><strong>magis</strong></span> <span class='ocrx_word' id='word_1_196' title='bbox 2866 3005 3196 3101; x_wconf 88' lang='lat' dir='ltr'><strong>appareat</strong></span> <span class='ocrx_word' id='word_1_197' title='bbox 3243 2995 3416 3073; x_wconf 86' lang='lat' dir='ltr'><strong>iuris</strong></span> <span class='ocrx_word' id='word_1_198' title='bbox 3461 2995 3764 3071; x_wconf 89' lang='lat' dir='ltr'><strong>Romani</strong></span> <span class='ocrx_word' id='word_1_199' title='bbox 3805 2993 4100 3085; x_wconf 86' lang='lat' dir='ltr'><strong>utilitas,</strong></span> 
     </span>
     <span class='ocr_line' id='line_1_22' title="bbox 1048 3114 4102 3222; baseline 0.001 -34"><span class='ocrx_word' id='word_1_200' title='bbox 1048 3114 1109 3189; x_wconf 86' lang='lat' dir='ltr'><strong>si</strong></span> <span class='ocrx_word' id='word_1_201' title='bbox 1152 3116 1437 3215; x_wconf 91' lang='lat' dir='ltr'><strong>quidem</strong></span> <span class='ocrx_word' id='word_1_202' title='bbox 1485 3119 1599 3193; x_wconf 84' lang='lat' dir='ltr'><strong>vix</strong></span> <span class='ocrx_word' id='word_1_203' title='bbox 1658 3119 1924 3219; x_wconf 90' lang='lat' dir='ltr'><strong>aliquid</strong></span> <span class='ocrx_word' id='word_1_204' title='bbox 1968 3122 2341 3221; x_wconf 87' lang='lat' dir='ltr'><strong>excogitari</strong></span> <span class='ocrx_word' id='word_1_205' title='bbox 2389 3121 2679 3222; x_wconf 90' lang='lat' dir='ltr'><strong>poterit,</strong></span> <span class='ocrx_word' id='word_1_206' title='bbox 2748 3122 2939 3221; x_wconf 90' lang='lat' dir='ltr'><strong>quod</strong></span> <span class='ocrx_word' id='word_1_207' title='bbox 2993 3146 3134 3202; x_wconf 86' lang='lat' dir='ltr'><strong>non</strong></span> <span class='ocrx_word' id='word_1_208' title='bbox 3179 3119 3252 3195; x_wconf 90' lang='lat' dir='ltr'><strong>in</strong></span> <span class='ocrx_word' id='word_1_209' title='bbox 3296 3118 3418 3194; x_wconf 92' lang='lat' dir='ltr'><strong>illo</strong></span> <span class='ocrx_word' id='word_1_210' title='bbox 3465 3116 3872 3193; x_wconf 82' lang='lat' dir='ltr'><strong>adminiculi</strong></span> <span class='ocrx_word' id='word_1_211' title='bbox 3929 3114 4102 3216; x_wconf 82' lang='lat' dir='ltr'><strong>quid</strong></span> 
     </span>
     <span class='ocr_line' id='line_1_23' title="bbox 1044 3237 2149 3334; baseline 0.006 -25"><span class='ocrx_word' id='word_1_212' title='bbox 1044 3260 1191 3334; x_wconf 90' lang='lat' dir='ltr'><strong>quo</strong></span> <span class='ocrx_word' id='word_1_213' title='bbox 1238 3237 1530 3328; x_wconf 84' lang='lat' dir='ltr'><strong>nitatur,</strong></span> <span class='ocrx_word' id='word_1_214' title='bbox 1580 3238 1985 3315; x_wconf 84' lang='lat' dir='ltr'><strong>habiturum</strong></span> <span class='ocrx_word' id='word_1_215' title='bbox 2038 3241 2149 3317; x_wconf 91' lang='lat' dir='ltr'><strong>sit.</strong></span> 
     </span>
    </p>

    <p class='ocr_par' dir='ltr' id='par_1_5' title="bbox 1043 3358 4100 4186">
     <span class='ocr_line' id='line_1_24' title="bbox 1143 3358 4100 3463; baseline -0.001 -31"><span class='ocrx_word' id='word_1_216' title='bbox 1143 3358 1307 3433; x_wconf 91' lang='lat' dir='ltr'><strong>Non</strong></span> <span class='ocrx_word' id='word_1_217' title='bbox 1379 3384 1537 3434; x_wconf 90' lang='lat' dir='ltr'><strong>sum</strong></span> <span class='ocrx_word' id='word_1_218' title='bbox 1602 3362 1925 3459; x_wconf 88' lang='lat' dir='ltr'><strong>ignarus,</strong></span> <span class='ocrx_word' id='word_1_219' title='bbox 1997 3361 2214 3437; x_wconf 84' lang='lat' dir='ltr'><strong>fuisse</strong></span> <span class='ocrx_word' id='word_1_220' title='bbox 2282 3362 2450 3438; x_wconf 89' lang='lat' dir='ltr'><strong>olim</strong></span> <span class='ocrx_word' id='word_1_221' title='bbox 2520 3362 2866 3463; x_wconf 89' lang='lat' dir='ltr'><strong>hodieque</strong></span> <span class='ocrx_word' id='word_1_222' title='bbox 2935 3384 3122 3449; x_wconf 87' lang='lat' dir='ltr'><strong>esse,</strong></span> <span class='ocrx_word' id='word_1_223' title='bbox 3201 3358 3326 3459; x_wconf 85' lang='lat' dir='ltr'><strong>qui</strong></span> <span class='ocrx_word' id='word_1_224' title='bbox 3391 3383 3558 3435; x_wconf 89' lang='lat' dir='ltr'><strong>cum</strong></span> <span class='ocrx_word' id='word_1_225' title='bbox 3622 3359 4100 3434; x_wconf 86' lang='lat' dir='ltr'><strong>Romanorum</strong></span> 
     </span>
     <span class='ocr_line' id='line_1_25' title="bbox 1043 3475 4098 3581; baseline -0.002 -28"><span class='ocrx_word' id='word_1_226' title='bbox 1043 3477 1299 3577; x_wconf 88' lang='lat' dir='ltr'><strong>placita</strong></span> <span class='ocrx_word' id='word_1_227' title='bbox 1354 3480 1447 3555; x_wconf 90' lang='lat' dir='ltr'><strong>ad</strong></span> <span class='ocrx_word' id='word_1_228' title='bbox 1501 3506 1781 3581; x_wconf 87' lang='lat' dir='ltr'><strong>prorsus</strong></span> <span class='ocrx_word' id='word_1_229' title='bbox 1853 3482 2076 3558; x_wconf 87' lang='lat' dir='ltr'><strong>aliena</strong></span> <span class='ocrx_word' id='word_1_230' title='bbox 2141 3483 2706 3559; x_wconf 85' lang='lat' dir='ltr'><strong>accomodassent</strong></span> <span class='ocrx_word' id='word_1_231' title='bbox 2722 3542 2743 3573; x_wconf 97' lang='lat'><strong>,</strong></span> <span class='ocrx_word' id='word_1_232' title='bbox 2809 3478 3390 3580; x_wconf 85' lang='lat' dir='ltr'><strong>iurisprudentiae</strong></span> <span class='ocrx_word' id='word_1_233' title='bbox 3469 3486 3796 3553; x_wconf 87' lang='lat' dir='ltr'><strong>nocerent</strong></span> <span class='ocrx_word' id='word_1_234' title='bbox 3875 3475 4098 3575; x_wconf 81' lang='lat' dir='ltr'><strong>magis</strong></span> 
     </span>
     <span class='ocr_line' id='line_1_26' title="bbox 1044 3598 4096 3703; baseline -0.001 -30"><span class='ocrx_word' id='word_1_235' title='bbox 1044 3622 1257 3698; x_wconf 91' lang='lat' dir='ltr'><strong>quam</strong></span> <span class='ocrx_word' id='word_1_236' title='bbox 1303 3601 1746 3700; x_wconf 87' lang='lat' dir='ltr'><strong>prodessent,</strong></span> <span class='ocrx_word' id='word_1_237' title='bbox 1795 3626 2023 3701; x_wconf 91' lang='lat' dir='ltr'><strong>neque</strong></span> <span class='ocrx_word' id='word_1_238' title='bbox 2072 3604 2133 3677; x_wconf 87' lang='lat' dir='ltr'><strong>is</strong></span> <span class='ocrx_word' id='word_1_239' title='bbox 2184 3628 2380 3694; x_wconf 89' lang='lat' dir='ltr'><strong>sum,</strong></span> <span class='ocrx_word' id='word_1_240' title='bbox 2434 3605 2560 3703; x_wconf 90' lang='lat' dir='ltr'><strong>qui</strong></span> <span class='ocrx_word' id='word_1_241' title='bbox 2615 3611 2697 3678; x_wconf 90' lang='lat' dir='ltr'><strong>ut</strong></span> <span class='ocrx_word' id='word_1_242' title='bbox 2742 3602 2932 3678; x_wconf 88' lang='lat' dir='ltr'><strong>hisee</strong></span> <span class='ocrx_word' id='word_1_243' title='bbox 2977 3600 3228 3675; x_wconf 89' lang='lat' dir='ltr'><strong>diebus</strong></span> <span class='ocrx_word' id='word_1_244' title='bbox 3274 3598 3538 3675; x_wconf 88' lang='lat' dir='ltr'><strong>factum</strong></span> <span class='ocrx_word' id='word_1_245' title='bbox 3581 3598 3762 3686; x_wconf 88' lang='lat' dir='ltr'><strong>vidi,</strong></span> <span class='ocrx_word' id='word_1_246' title='bbox 3811 3598 4096 3671; x_wconf 79' lang='lat' dir='ltr'><strong>societa-</strong></span> 
     </span>
     <span class='ocr_line' id='line_1_27' title="bbox 1046 3706 4100 3825; baseline -0.001 -33"><span class='ocrx_word' id='word_1_247' title='bbox 1046 3726 1191 3793; x_wconf 90' lang='lat' dir='ltr'><strong>tem</strong></span> <span class='ocrx_word' id='word_1_248' title='bbox 1240 3744 1419 3819; x_wconf 85' lang='lat' dir='ltr'><strong>quae</strong></span> <span class='ocrx_word' id='word_1_249' title='bbox 1474 3722 2042 3798; x_wconf 88' lang='lat' dir='ltr'><strong>commenditaria</strong></span> <span class='ocrx_word' id='word_1_250' title='bbox 2096 3724 2335 3813; x_wconf 84' lang='lat' dir='ltr'><strong>audit,</strong></span> <span class='ocrx_word' id='word_1_251' title='bbox 2404 3724 2653 3800; x_wconf 88' lang='lat' dir='ltr'><strong>lubens</strong></span> <span class='ocrx_word' id='word_1_252' title='bbox 2707 3748 2833 3825; x_wconf 88' lang='lat' dir='ltr'><strong>per</strong></span> <span class='ocrx_word' id='word_1_253' title='bbox 2877 3722 3218 3797; x_wconf 86' lang='lat' dir='ltr'><strong>actionem</strong></span> <span class='ocrx_word' id='word_1_254' title='bbox 3275 3706 3716 3793; x_wconf 79' lang='lat' dir='ltr'><strong>tributoriam</strong></span> <span class='ocrx_word' id='word_1_255' title='bbox 3775 3716 4100 3816; x_wconf 86' lang='lat' dir='ltr'><strong>explicari</strong></span> 
     </span>
     <span class='ocr_line' id='line_1_28' title="bbox 1046 3836 4100 3945; baseline -0 -33"><span class='ocrx_word' id='word_1_256' title='bbox 1046 3838 1253 3913; x_wconf 83' lang='lat' dir='ltr'><strong>velim</strong></span> <span class='ocrx_word' id='word_1_257' title='bbox 1273 3899 1294 3929; x_wconf 92' lang='lat'>‚</span> <span class='ocrx_word' id='word_1_258' title='bbox 1348 3840 1469 3915; x_wconf 88' lang='lat' dir='ltr'><strong>sed</strong></span> <span class='ocrx_word' id='word_1_259' title='bbox 1515 3844 1992 3942; x_wconf 89' lang='lat' dir='ltr'><strong>unusquisque</strong></span> <span class='ocrx_word' id='word_1_260' title='bbox 2035 3845 2403 3945; x_wconf 74' lang='lat' dir='ltr'><strong>perspicit,</strong></span> <span class='ocrx_word' id='word_1_261' title='bbox 2454 3844 2860 3919; x_wconf 90' lang='lat' dir='ltr'><strong>huiusmodi</strong></span> <span class='ocrx_word' id='word_1_262' title='bbox 2899 3840 3465 3918; x_wconf 86' lang='lat' dir='ltr'><strong>hallucinationes</strong></span> <span class='ocrx_word' id='word_1_263' title='bbox 3501 3842 3641 3914; x_wconf 87' lang='lat' dir='ltr'><strong>non</strong></span> <span class='ocrx_word' id='word_1_264' title='bbox 3679 3836 4100 3938; x_wconf 85' lang='lat' dir='ltr'><strong>perniciosae</strong></span> 
     </span>
     <span class='ocr_line' id='line_1_29' title="bbox 1050 3959 4100 4065; baseline 0 -34"><span class='ocrx_word' id='word_1_265' title='bbox 1050 3982 1261 4056; x_wconf 91' lang='lat' dir='ltr'><strong>quam</strong></span> <span class='ocrx_word' id='word_1_266' title='bbox 1326 3959 1570 4036; x_wconf 86' lang='lat' dir='ltr'><strong>dicunt</strong></span> <span class='ocrx_word' id='word_1_267' title='bbox 1621 3963 1793 4037; x_wconf 88' lang='lat' dir='ltr'><strong>iuris</strong></span> <span class='ocrx_word' id='word_1_268' title='bbox 1842 3964 2143 4040; x_wconf 89' lang='lat' dir='ltr'><strong>Romani</strong></span> <span class='ocrx_word' id='word_1_269' title='bbox 2190 3965 2622 4055; x_wconf 82' lang='lat' dir='ltr'><strong>auctoritati,</strong></span> <span class='ocrx_word' id='word_1_270' title='bbox 2687 3964 2812 4039; x_wconf 82' lang='lat' dir='ltr'><strong>sed</strong></span> <span class='ocrx_word' id='word_1_271' title='bbox 2856 3963 3091 4065; x_wconf 89' lang='lat' dir='ltr'><strong>potius</strong></span> <span class='ocrx_word' id='word_1_272' title='bbox 3140 3986 3388 4062; x_wconf 86' lang='lat' dir='ltr'><strong>pravae</strong></span> <span class='ocrx_word' id='word_1_273' title='bbox 3433 3970 3646 4060; x_wconf 88' lang='lat' dir='ltr'><strong>atque</strong></span> <span class='ocrx_word' id='word_1_274' title='bbox 3693 3960 3972 4057; x_wconf 77' lang='lat' dir='ltr'><strong>ineptae</strong></span> <span class='ocrx_word' id='word_1_275' title='bbox 4017 3980 4100 4031; x_wconf 88' lang='lat' dir='ltr'><strong>eo</strong></span> 
     </span>
     <span class='ocr_line' id='line_1_30' title="bbox 1044 4073 3670 4186; baseline 0.005 -33"><span class='ocrx_word' id='word_1_276' title='bbox 1044 4079 1291 4153; x_wconf 88' lang='lat' dir='ltr'><strong>utendi</strong></span> <span class='ocrx_word' id='word_1_277' title='bbox 1340 4082 1589 4155; x_wconf 85' lang='lat' dir='ltr'><strong>rationi</strong></span> <span class='ocrx_word' id='word_1_278' title='bbox 1634 4106 1783 4157; x_wconf 89' lang='lat' dir='ltr'><strong>esse</strong></span> <span class='ocrx_word' id='word_1_279' title='bbox 1828 4082 2296 4186; x_wconf 90' lang='lat' dir='ltr'><strong>imputandas.</strong></span> <span class='ocrx_word' id='word_1_280' title='bbox 3643 4073 3670 4093; x_wconf 67' lang='grc'>’</span> 
     </span>
    </p>

    <p class='ocr_par' dir='ltr' id='par_1_6' title="bbox 1048 4196 4104 4905">
     <span class='ocr_line' id='line_1_31' title="bbox 1146 4196 4102 4305; baseline -0.002 -31"><span class='ocrx_word' id='word_1_281' title='bbox 1146 4199 1810 4277; x_wconf 88' lang='lat' dir='ltr'><strong>Luculentissimum</strong></span> <span class='ocrx_word' id='word_1_282' title='bbox 1882 4205 2085 4279; x_wconf 88' lang='lat' dir='ltr'><strong>nobis</strong></span> <span class='ocrx_word' id='word_1_283' title='bbox 2150 4206 2548 4304; x_wconf 85' lang='lat' dir='ltr'><strong>exemplum</strong></span> <span class='ocrx_word' id='word_1_284' title='bbox 2614 4204 2900 4305; x_wconf 87' lang='lat' dir='ltr'><strong>praebet</strong></span> <span class='ocrx_word' id='word_1_285' title='bbox 2965 4203 3138 4278; x_wconf 84' lang='lat' dir='ltr'><strong>iuris</strong></span> <span class='ocrx_word' id='word_1_286' title='bbox 3199 4200 3574 4277; x_wconf 83' lang='lat' dir='ltr'><strong>cambialis</strong></span> <span class='ocrx_word' id='word_1_287' title='bbox 3615 4198 3921 4274; x_wconf 88' lang='lat' dir='ltr'><strong>historia.</strong></span> <span class='ocrx_word' id='word_1_288' title='bbox 4025 4196 4102 4269; x_wconf 88' lang='lat' dir='ltr'><strong>Si</strong></span> 
     </span>
     <span class='ocr_line' id='line_1_32' title="bbox 1048 4316 4101 4421; baseline -0.001 -27"><span class='ocrx_word' id='word_1_289' title='bbox 1048 4320 1263 4395; x_wconf 84' lang='lat' dir='ltr'><strong>fidem</strong></span> <span class='ocrx_word' id='word_1_290' title='bbox 1306 4322 1669 4397; x_wconf 86' lang='lat' dir='ltr'><strong>habuisses</strong></span> <span class='ocrx_word' id='word_1_291' title='bbox 1716 4325 2097 4413; x_wconf 88' lang='lat' dir='ltr'><strong>nonnullis,</strong></span> <span class='ocrx_word' id='word_1_292' title='bbox 2146 4325 2259 4400; x_wconf 89' lang='lat' dir='ltr'><strong>ius</strong></span> <span class='ocrx_word' id='word_1_293' title='bbox 2300 4326 2701 4399; x_wconf 87' lang='lat' dir='ltr'><strong>Romanum</strong></span> <span class='ocrx_word' id='word_1_294' title='bbox 2748 4350 2956 4400; x_wconf 88' lang='lat' dir='ltr'><strong>causa</strong></span> <span class='ocrx_word' id='word_1_295' title='bbox 3005 4329 3188 4411; x_wconf 88' lang='lat' dir='ltr'><strong>erat,</strong></span> <span class='ocrx_word' id='word_1_296' title='bbox 3241 4346 3454 4421; x_wconf 88' lang='lat' dir='ltr'><strong>quare</strong></span> <span class='ocrx_word' id='word_1_297' title='bbox 3495 4346 3652 4397; x_wconf 84' lang='lat' dir='ltr'><strong>vera</strong></span> <span class='ocrx_word' id='word_1_298' title='bbox 3697 4319 3966 4393; x_wconf 88' lang='lat' dir='ltr'><strong>indoles</strong></span> <span class='ocrx_word' id='word_1_299' title='bbox 4009 4316 4101 4391; x_wconf 83' lang='lat' dir='ltr'><strong>ad</strong></span> 
     </span>
     <span class='ocr_line' id='line_1_33' title="bbox 1049 4441 4102 4545; baseline -0.002 -30"><span class='ocrx_word' id='word_1_300' title='bbox 1049 4442 1522 4517; x_wconf 80' lang='lat' dir='ltr'><strong>recentissima</strong></span> <span class='ocrx_word' id='word_1_301' title='bbox 1584 4468 1804 4542; x_wconf 88' lang='lat' dir='ltr'><strong>usque</strong></span> <span class='ocrx_word' id='word_1_302' title='bbox 1866 4452 2177 4543; x_wconf 90' lang='lat' dir='ltr'><strong>tempora</strong></span> <span class='ocrx_word' id='word_1_303' title='bbox 2232 4470 2396 4521; x_wconf 91' lang='lat' dir='ltr'><strong>cum</strong></span> <span class='ocrx_word' id='word_1_304' title='bbox 2450 4445 2874 4545; x_wconf 88' lang='lat' dir='ltr'><strong>legislatores</strong></span> <span class='ocrx_word' id='word_1_305' title='bbox 2929 4453 3080 4519; x_wconf 90' lang='lat' dir='ltr'><strong>tum</strong></span> <span class='ocrx_word' id='word_1_306' title='bbox 3144 4444 3330 4517; x_wconf 87' lang='lat' dir='ltr'><strong>Ictos</strong></span> <span class='ocrx_word' id='word_1_307' title='bbox 3378 4442 3475 4519; x_wconf 87' lang='lat' dir='ltr'><strong>ita</strong></span> <span class='ocrx_word' id='word_1_308' title='bbox 3529 4441 3841 4527; x_wconf 88' lang='lat' dir='ltr'><strong>latuerit,</strong></span> <span class='ocrx_word' id='word_1_309' title='bbox 3895 4446 3974 4512; x_wconf 89' lang='lat' dir='ltr'><strong>ut</strong></span> <span class='ocrx_word' id='word_1_310' title='bbox 4021 4462 4102 4510; x_wconf 89' lang='lat' dir='ltr'><strong>ea</strong></span> 
     </span>
     <span class='ocr_line' id='line_1_34' title="bbox 1052 4557 4099 4665; baseline -0.002 -30"><span class='ocrx_word' id='word_1_311' title='bbox 1052 4586 1232 4661; x_wconf 88' lang='lat' dir='ltr'><strong>quae</strong></span> <span class='ocrx_word' id='word_1_312' title='bbox 1287 4563 1561 4662; x_wconf 87' lang='lat' dir='ltr'><strong>legibus</strong></span> <span class='ocrx_word' id='word_1_313' title='bbox 1616 4563 1879 4639; x_wconf 87' lang='lat' dir='ltr'><strong>sancita</strong></span> <span class='ocrx_word' id='word_1_314' title='bbox 1933 4564 2247 4654; x_wconf 82' lang='lat' dir='ltr'><strong>fuerant,</strong></span> <span class='ocrx_word' id='word_1_315' title='bbox 2314 4567 2600 4642; x_wconf 91' lang='lat' dir='ltr'><strong>omnino</strong></span> <span class='ocrx_word' id='word_1_316' title='bbox 2661 4590 2801 4641; x_wconf 91' lang='lat' dir='ltr'><strong>non</strong></span> <span class='ocrx_word' id='word_1_317' title='bbox 2851 4571 3322 4665; x_wconf 75' lang='lat' dir='ltr'><strong>congruerent</strong></span> <span class='ocrx_word' id='word_1_318' title='bbox 3384 4587 3544 4637; x_wconf 87' lang='lat' dir='ltr'><strong>eum</strong></span> <span class='ocrx_word' id='word_1_319' title='bbox 3604 4557 3900 4658; x_wconf 84' lang='lat' dir='ltr'><strong>receptis</strong></span> <span class='ocrx_word' id='word_1_320' title='bbox 3945 4565 4099 4631; x_wconf 86' lang='lat' dir='ltr'><strong>sen·</strong></span> 
     </span>
     <span class='ocr_line' id='line_1_35' title="bbox 1050 4672 4104 4785; baseline -0.003 -30"><span class='ocrx_word' id='word_1_321' title='bbox 1050 4681 1289 4755; x_wconf 84' lang='lat' dir='ltr'><strong>tentiis</strong></span> <span class='ocrx_word' id='word_1_322' title='bbox 1348 4682 1623 4759; x_wconf 86' lang='lat' dir='ltr'><strong>illorum</strong></span> <span class='ocrx_word' id='word_1_323' title='bbox 1690 4684 1813 4783; x_wconf 89' lang='lat' dir='ltr'><strong>qui</strong></span> <span class='ocrx_word' id='word_1_324' title='bbox 1872 4708 2005 4759; x_wconf 85' lang='lat' dir='ltr'><strong>usu</strong></span> <span class='ocrx_word' id='word_1_325' title='bbox 2069 4684 2221 4760; x_wconf 91' lang='lat' dir='ltr'><strong>eius</strong></span> <span class='ocrx_word' id='word_1_326' title='bbox 2286 4686 2639 4760; x_wconf 90' lang='lat' dir='ltr'><strong>notionem</strong></span> <span class='ocrx_word' id='word_1_327' title='bbox 2711 4686 2891 4760; x_wconf 89' lang='lat' dir='ltr'><strong>bene</strong></span> <span class='ocrx_word' id='word_1_328' title='bbox 2965 4692 3360 4785; x_wconf 88' lang='lat' dir='ltr'><strong>perceptam</strong></span> <span class='ocrx_word' id='word_1_329' title='bbox 3431 4680 3802 4756; x_wconf 88' lang='lat' dir='ltr'><strong>habebant.</strong></span> <span class='ocrx_word' id='word_1_330' title='bbox 3905 4672 4104 4754; x_wconf 85' lang='lat' dir='ltr'><strong>Quid</strong></span> 
     </span>
     <span class='ocr_line' id='line_1_36' title="bbox 1053 4796 4102 4905; baseline -0.003 -31"><span class='ocrx_word' id='word_1_331' title='bbox 1053 4808 1287 4875; x_wconf 89' lang='lat' dir='ltr'><strong>autem</strong></span> <span class='ocrx_word' id='word_1_332' title='bbox 1330 4801 1468 4876; x_wconf 89' lang='lat' dir='ltr'><strong>iam</strong></span> <span class='ocrx_word' id='word_1_333' title='bbox 1510 4828 1697 4878; x_wconf 88' lang='lat' dir='ltr'><strong>nunc</strong></span> <span class='ocrx_word' id='word_1_334' title='bbox 1734 4806 2054 4881; x_wconf 76' lang='lat' dir='ltr'><strong>constat?</strong></span> <span class='ocrx_word' id='word_1_335' title='bbox 2103 4803 2233 4879; x_wconf 92' lang='lat' dir='ltr'><strong>hoc</strong></span> <span class='ocrx_word' id='word_1_336' title='bbox 2270 4829 2713 4905; x_wconf 87' lang='lat' dir='ltr'><strong>nequaquam</strong></span> <span class='ocrx_word' id='word_1_337' title='bbox 2757 4802 3090 4879; x_wconf 86' lang='lat' dir='ltr'><strong>accidisse</strong></span> <span class='ocrx_word' id='word_1_338' title='bbox 3125 4802 3317 4889; x_wconf 87' lang='lat' dir='ltr'><strong>ideo,</strong></span> <span class='ocrx_word' id='word_1_339' title='bbox 3385 4798 3575 4898; x_wconf 89' lang='lat' dir='ltr'><strong>quod</strong></span> <span class='ocrx_word' id='word_1_340' title='bbox 3613 4796 3749 4871; x_wconf 84' lang='lat' dir='ltr'><strong>iuri</strong></span> <span class='ocrx_word' id='word_1_341' title='bbox 3784 4796 4102 4869; x_wconf 85' lang='lat' dir='ltr'><strong>Romano</strong></span> 
     </span>
    </p>
   </div>
   <div class='ocr_carea' id='block_1_4' title="bbox 4609 1580 4613 2172">
    <p class='ocr_par' dir='ltr' id='par_1_7' title="bbox 4609 1580 4613 2172">
     <span class='ocr_line' id='line_1_37' title="bbox 4609 1580 4613 2172; baseline 0 0"><span class='ocrx_word' id='word_1_342' title='bbox 4609 1580 4613 2172; x_wconf 95' lang='lat' dir='ltr'><strong> </strong></span> 
     </span>
    </p>
   </div>
  </div>
 </body>
</html>
