4730 6049
1812 652 2380 722 ORATIO.
3502 658 3635 727 1229

558 859 783 938 aditus
858 868 1057 961 patet
1120 864 1219 939 ad
1284 869 1589 939 vestrum
1670 861 2183 964 amplissimum
2262 862 2622 953 ordinem,
2701 865 3086 941 Clarissimi
3151 865 3624 941 Professores!

554 981 775 1057 Probe
848 984 1178 1081 equidem
1246 984 1447 1073 novi,
1520 1008 1635 1059 me
1706 982 1951 1071 vobis,
2022 982 2186 1057 viris
2245 981 2848 1081 prudentissimiS,
2901 983 3470 1083 sapientissimis,
3520 984 3628 1059 nil·

553 1100 827 1192 afferre,
860 1113 1177 1237 'propter
1238 1104 1433 1203 quod
1474 1130 1593 1179 vos
1636 1120 2055 1203 magnopere
2099 1128 2211 1177 me
2262 1102 2694 1180 desideretis.
2797 1102 2980 1181 Quis
3022 1104 3210 1179 enim
3257 1121 3391 1204 ego
3439 1105 3622 1181 inter

550 1241 709 1309 vos,
762 1222 969 1299 variis
1018 1223 1483 1299 nomnibus
1460 1224 1813 1324 insignes,
1865 1239 2165 1345 quorum
2204 1224 2553 1323 praeclara
2599 1222 2786 1298 fama
2831 1233 2976 1313 est,
3025 1244 3329 1322 quorum
3378 1225 3626 1301 laudes

548 1341 801 1417 marito
868 1344 1293 1435 Academia,
1362 1344 1625 1443 patria,
1698 1332 2165 1419 eruditorum
2194 1344 2386 1419 orbis
2449 1342 2838 1419 celebrantl
2917 1346 3190 1433 Multa,
3253 1345 3426 1419 mihi
3476 1370 3624 1421 cre-

549 1461 731 1551 dite.
796 1464 988 1562 apud
1058 1490 1177 1539 vos
1236 1465 1498 1541 discere
1564 1464 2007 1539 vehementer
2063 1464 2309 1563 cupio;
2381 1471 2608 1539 vestra
2661 1464 2964 1539 amicitia
3021 1464 3199 1553 frui,
3251 1473 3331 1539 ut
3383 1490 3632 1541 meum

544 1581 911 1681 ingenium
966 1584 1189 1672 alam,
1248 1584 1423 1659 mihi
1478 1583 1779 1683 benigne
1828 1582 2262 1659 concedatis!
2344 1584 2422 1657 Si
2471 1582 2668 1657 vobis
2719 1585 3189 1659 commendati
3243 1593 3447 1674 sunt,
3497 1584 3634 1685 qui

546 1702 737 1801 quod
804 1725 1087 1792 verum,
1150 1702 1343 1801 quud
1406 1704 1821 1803 pulchrum,
1889 1704 2082 1803 quod
2146 1704 2415 1779 bonum
2481 1712 2590 1778 est
2651 1712 3034 1805 appetunt,
3099 1730 3212 1779 me
3261 1705 3622 1803 recipitote

541 1822 619 1903 in
685 1822 1239 1899 benevolentiam
1294 1832 1509 1923 atque
1566 1825 1865 1923 gratiam
1920 1834 2241 1899 vestram.
2341 1825 2498 1923 Ego
2543 1833 2808 1923 quanta
2858 1824 3162 1900 maxima
3211 1825 3620 1901 assiduitate

538 1948 789 2042 potero
846 1942 1043 2019 vobis
1104 1943 1497 2019 satisfacere
1554 1945 1859 2021 conabor
1911 1944 2293 2035 modestia,
2348 1944 2581 2019 studio
2597 2004 2616 2033 ,
2669 1946 2832 2021 fide.
2934 1945 3119 2021 Mihi
3168 1944 3412 2021 adsitis
3455 1970 3620 2025 con·

542 2062 781 2139 silium
826 2063 1125 2143 candide
1176 2064 1482 2163 petenti,
1530 2064 1771 2141 auxilii
1814 2066 2022 2141 vestri
2066 2066 2433 2165 indigenti.
2547 2065 2762 2143 Quod
2807 2064 3014 2141 hodie
3057 2092 3099 2141 a
3143 2066 3338 2139 vobis
3375 2074 3632 2164 petens·

536 2198 681 2259 non
740 2206 1039 2281 possum
1096 2208 1236 2259 non
1310 2185 1719 2263 memoriam
1772 2210 2101 2261 renovare
2152 2185 2910 2286 praestantissimorum
2971 2187 3270 2261 virorum
3287 2244 3310 2273 ,
3359 2187 3620 2285 quibus

534 2301 707 2377 olim
774 2301 991 2379 huius
1050 2304 1473 2381 Academiae
1534 2305 1863 2381 alumnus
1922 2306 1996 2381 in
2048 2307 2410 2383 literarum
2454 2314 2526 2382 et
2574 2306 2968 2405 theologiae
3017 2306 3268 2381 studiis
3320 2305 3622 2381 ducibus

534 2422 645 2498 uti
688 2422 873 2497 mihi
912 2424 1227 2521 contigit.
1329 2425 1811 2501 Scene-nonar
1854 2432 1925 2501 et
1976 2449 2289 2503 nauanu
2334 2437 2407 2502 et
2449 2448 2938 2517 ,eonnonvnm
2984 2426 3251 2501 scholas
3298 2426 3621 2523 frequen·

534 2542 679 2619 tavi
698 2575 721 2631 3
774 2566 1245 2621 vrssomeavu
1298 2551 1371 2619 et
1418 2546 1579 2644 qui,
1628 2548 1849 2623 eheu!
1905 2548 2302 2647 nuperrime
2348 2548 2552 2623 nobis
2595 2552 2880 2645 ereptus
2929 2554 3074 2633 est,
3129 2567 3620 2621 eaonnnwou·

536 2686 735 2739 mmm
778 2664 1051 2755 audivi3
1104 2686 1501 2741 neaman
1550 2674 1623 2741 et
1674 2686 2208 2743 aorAAansmM
2255 2675 2736 2768 praeceptores
2768 2672 3018 2741 nactus
3061 2690 3240 2740 sum.
3334 2665 3620 2742 Quibus

526 2784 833 2863 mortuis
882 2809 1049 2874 vos,
1108 2785 1499 2862 Clarissimi·
1556 2811 1865 2863 ΒοιιιιΔΝ
1920 2795 1993 2861 et
2046 2809 2317 2875 vinna,
2367 2794 2843 2888 praeceptores
2893 2783 3444 2872 honoratissimi,
3497 2803 3614 2861 su-

526 2904 865 3003 perstites
918 2928 1073 2981 ease
1090 2962 1113 2993 ,
1182 2906 1459 3005 gaudeo
1508 2907 2095 3008 vehementerque
2146 2908 2381 2983 laetor.
2445 2907 2688 2998 ‘Quod
2735 2931 2856 2981 vos
2907 2906 3080 2981 mihi
3123 2916 3262 3012 non
3311 2906 3612 3004 denega·-

522 3023 740 3115 bitis,
814 3024 952 3102 hoe
1012 3034 1100 3100 tu
1162 3026 1338 3102 mihi
1396 3027 1610 3114 facile
1674 3029 2056 3119 concedes,
2124 3029 2580 3106 Nobilissime
2634 3029 2722 3102 de
2779 3051 3014 3117 anna,
3085 3051 3298 3126 quem
3353 3026 3624 3104 multos·

520 3171 763 3226 annoa-
812 3147 1123 3224 amicum·
1183 3145 1401 3224 habui
1458 3155 1729 3224 cerum
1798 3155 1871 3222 et
1938 3147 2342 3248 integrum,
2406 3147 2698 3224 maximi
2752 3146 3190 3236 faciendum,
3256 3155 3330 3222 et
3381 3171 3428 3222 a
3473 3171 3632 3246 quo·

521 3269 847 3368 mallem
897 3267 1183 3344 nomine
1238 3269 1639 3368 compellari
1705 3267 1960 3342 eximio
2026 3268 2199 3344 mihi
2244 3269 2504 3368 gaudio
2549 3274 2678 3342 est.
2781 3267 3160 3342 Cumulare
3201 3291 3342 3340 me
3359 3289 3616 3367 pergas

521 3389 789 3490 quibus
860 3413 979 3464 me
1037 3388 1179 3464 iam
1250 3389 1514 3466 ornasti
1578 3388 1863 3489 gratiae
1918 3396 2084 3462 tuae
2158 3388 2512 3464 benefieiis
2581 3397 2654 3462 et
2723 3393 2852 3462 tua
2915 3386 3614 3468 honorificentissima

520 3509 836 3586 amicitia
888 3531 1004 3584 me
1052 3533 1473 3607 prosequare
1522 3531 1780 3608 precor.
1883 3509 1997 3584 Ne
2038 3508 2297 3584 frustra
2348 3518 2420 3584 te
2468 3527 2750 3608 rogem,
2810 3505 3212 3582 Clarissima
3261 3531 3400 3584 Mu
3401 3529 3606 3596 mus,

518 3645 601 3708 ut
663 3627 855 3706 mihi
919 3637 1200 3727 praesto
1262 3628 1357 3703 sis
1376 3686 1398 3717 ,
1474 3628 2025 3727 quotiescunque
2090 3629 2347 3704 auxilio
2414 3637 2538 3704 tuo
2600 3652 2816 3728 quam
2867 3626 3168 3704 maxime
3213 3627 3606 3704 desiderato

516 3747 693 3824 mihi
734 3773 923 3848 opus
967 3749 1121 3824 erin
1222 3749 1362 3822 Cui
1407 3747 1791 3848 theologiae
1839 3745 2134 3823 studiosi
2182 3750 2411 3824 multa·
2454 3749 2596 3824 iam
2645 3749 2940 3836 debent,
2991 3746 3192 3846 plura
3239 3746 3312 3822 in
3370 3754 3600 3846 poste·

514 3891 675 3946 rum
723 3875 1025 3968 accepta
1063 3867 1196 3943 tibi
1234 3868 1573 3956 referant!
1652 3870 1753 3944 Te
1790 3878 2148 3946 conservet
2186 3870 2385 3946 Deus
2423 3870 2512 3946 Ο.
2539 3870 2691 3958 Μ.,
2741 3867 3055 3967 mihique
3099 3867 3232 3942 hoc
3269 3868 3604 3968 largiatur

516 3978 863 4076 eximium
917 3987 1373 4078 beneficium,
1426 3997 1511 4066 ut
1554 3998 1627 4064 te
1670 3989 1895 4065 amico
1938 3990 2081 4064 frui
2134 3990 2261 4064 diu
2306 3990 2480 4066 mihi
2519 3990 2878 4066 concedat.

608 4107 1091 4186 Praeteritum
1169 4110 1651 4208 gratissimum
1728 4118 2011 4210 tempus
2087 4111 2439 4199 recordor,
2516 4137 2637 4186 vos
2705 4110 3136 4213 adspiciens,
3214 4107 3602 4188 Clarissimi

514 4243 837 4308 noum
908 4235 983 4304 et
1054 4231 1325 4306 vxnnl
1425 4229 1830 4306 Scholarum
1912 4239 2296 4308 vestrarum
2373 4213 2828 4307 memoriam
2851 4239 3066 4330 atque
3138 4227 3601 4306 institutionis

512 4357 787 4426 vestaeae
852 4348 1149 4448 vestigia
1208 4351 1361 4426 dies
1412 4373 1558 4426 non
1618 4350 1893 4427 delevit.
1994 4352 2313 4428 Profecto
2356 4371 2498 4427 non
2553 4352 2993 4452 suspicabar,
3043 4359 3350 4426 vestrum
3393 4347 3632 4424 alteri·

512 4493 629 4546 me
688 4467 1081 4568 aliquando
1148 4495 1612 4548 successorem
1628 4529 1652 4559 ,.
1718 4471 2055 4572 collegam
2114 4472 2315 4548 alteri
2383 4471 2740 4565 futurum„
2849 4473 3066 4550 Quod
3133 4495 3356 4570 quum
3416 4468 3628 4544 mihi·

511 4589 893 4690 eontigerit
912 4648 933 4676 ,
1000 4589 1139 4664 iam
1192 4590 1325 4666 tibi
1344 4647 1365 4679 ,
1434 4589 1834 4666 clarissime
1875 4615 2183 4668 nonum
2202 4651 2222 4682 ‚
2290 4593 2380 4668 de
2429 4617 2718 4668 munere
2767 4592 3069 4692 perfeeto
3127 4600 3198 4667 et
3239 4612 3450 4666 cursu
3497 4589 3604 4665 ad*

510 4709 725 4784 finem
788 4716 1079 4808 peracto
1137 4710 1467 4810 gratulor.
1589 4711 1871 4788 Rudem
1936 4712 2303 4812 accipienti
2362 4739 2454 4790 ne
2493 4714 2718 4788 otium
2765 4713 2862 4788 sit
2905 4711 3186 4788 vacatio·
3220 4711 3486 4787 laboris·
3513 4710 3604 4786 in¹

511 4828 973 4906 commodum
1027 4831 1383 4908 studiosae·
1426 4831 1811 4908 iuventutis
1832 4891 1853 4922 ,
1914 4832 1989 4907 in
2039 4833 2333 4934 gloriam
2388 4834 2808 4912 Academiae
2859 4831 3000 4908 tibi,
3041 4831 3478 4922 ‹zm-issima,
3515 4830 3602 4905 ins

3093 4953 3190 5028 23
3206 4951 3250 4998 ¹*
