4730 6049
1944 655 2503 726 ORATIO.
3390 761 3399 768 ·
3670 661 3755 726 17

693 889 858 942 nem
921 871 1046 942 aut
1087 863 1383 940 tumoris
1435 863 2006 965 exstirpationem
2037 865 2348 966 perficiat
2396 889 2631 943 revera
2666 867 2965 944 exerceri
2978 926 3003 960 ,
3052 893 3281 969 neque
3314 893 3741 970 quemquam
3818 861 3826 864 ’

699 1010 774 1062 se
846 985 1254 1085 chirurgum
1311 984 1560 1084 peritia
1616 992 1688 1060 et
1743 986 2001 1063 fiducia
2068 985 2373 1062 maxime
2432 988 2818 1064 necessaria
2878 989 3276 1089 praeditum
3332 1015 3535 1090 posse
3590 1015 3747 1092 pro-

693 1105 877 1181 fiteri
896 1163 917 1194 ,
987 1105 1124 1180 nisi
1177 1104 1486 1205 pericula
1505 1163 1526 1196 ,
1591 1129 1832 1182 eorum
1895 1132 2076 1207 quae
2137 1130 2249 1182 ars
2305 1107 2616 1206 postulat
2677 1113 2802 1183 aut
2876 1108 3047 1184 alios
3108 1108 3438 1186 facientes
3476 1111 3751 1198 ,viderit

695 1234 822 1302 aut
868 1225 1020 1324 ipse
1072 1232 1220 1300 tam
1276 1225 1350 1300 in
1392 1249 1676 1326 corpore
1725 1232 2002 1304 mortuo
2053 1250 2264 1324 quam
2307 1225 2381 1300 in
2434 1224 2587 1300 vivo
2637 1223 2877 1302 fecerit
2928 1234 3001 1301 et
3041 1225 3143 1302 ita
3190 1252 3518 1327 magnam
3566 1229 3745 1328 peri-

695 1346 870 1420 tiam
919 1343 1054 1419 sibi
1103 1345 1464 1444 paraverit.

801 1465 879 1539 Si
919 1487 1078 1538 vero
1121 1463 1410 1539 tandem
1450 1464 1620 1540 artis
1651 1463 2088 1540 obstetriciae
2124 1463 2462 1540 rationem
2499 1464 2839 1540 habemus
2880 1465 3295 1542 contendere
3330 1492 3470 1543 non
3498 1467 3746 1546 dubito

697 1584 848 1658 eius
891 1583 1404 1660 institutionem
1451 1584 1662 1660 etiam
1706 1583 2036 1659 maiorem
2082 1584 2334 1683 praxis·
2364 1583 2783 1660 exercendae
2826 1583 3097 1683 copiam
3134 1587 3485 1685 postulare
3531 1612 3743 1688 quam

699 1728 840 1804 qua
879 1711 1006 1778 aut
1053 1704 1438 1780 medicinae
1490 1711 1615 1779 aut
1663 1703 2050 1803 chirurgiae
2092 1727 2272 1804 opus
2324 1709 2453 1779 est.

801 1823 1119 1900 Historia
1182 1825 1350 1900 artis
1415 1823 1850 1900 obstetricias
1910 1824 2296 1899 luculenter
2339 1823 2418 1897 id
2462 1823 2712 1924 probat
2730 1882 2751 1913 ,
2824 1824 2977 1900 luce
3036 1824 3288 1900 clarius
3330 1826 3703 1903 ostendens
3722 1887 3743 1918 ,

699 1968 992 2043 magnos
1051 1969 1458 2044 progressus
1519 1969 1644 2044 per
1701 1942 2034 2020 ultimum
2086 1945 2440 2021 saeculum
2490 1944 2709 2020 factos
2753 1943 2839 2017 iis
2885 1943 3253 2044 praecipue
3294 1944 3533 2022 deberi
3550 2004 3571 2037 ,
3622 1947 3749 2045 qui

697 2064 973 2164 magnis
1023 2063 1442 2140 tocodochiis
1479 2072 1913 2165 praeessent,
1962 2064 2055 2140 ob
2103 2089 2399 2164 eamque
2446 2089 2595 2140 rem
2646 2064 2872 2163 ipsam
2925 2063 3169 2163 quovis
3220 2066 3549 2164 temporis
3595 2090 3743 2141 mo-

697 2193 934 2260 mento
1003 2184 1547 2260 animadvertere
1599 2193 1885 2284 possent
1945 2206 2160 2284 quam
2209 2182 2387 2260 mira
2432 2191 2615 2258 esset
2658 2182 2837 2258 ratio
2879 2189 3122 2282 partus
3173 2184 3543 2274 naturalis,
3596 2193 3746 2260 tum

697 2327 858 2380 vero
919 2304 1270 2404 quomodo
1339 2304 1624 2381 meliora
1673 2311 1748 2378 et
1798 2303 2202 2403 perfectiora
2245 2304 2493 2378 fierent
2544 2301 2841 2398 auxilia,
2912 2302 3171 2402 quibus
3232 2303 3453 2378 utitur
3504 2328 3615 2379 ars
3671 2304 3747 2378 in
3812 2301 3823 2312 ’

695 2431 902 2523 partu
971 2423 1563 2522 praeternaturali.
1686 2424 1974 2503 Quanta
2041 2422 2529 2500 exercitatione
2596 2446 2777 2522 opus
2833 2429 2941 2496 est
3024 2421 3117 2497 ad
3186 2431 3575 2499 accuratam
3629 2449 3746 2499 ex-

695 2543 1154 2644 plorationem
1198 2511 1724 2620 obstetriciami’
1795 2545 2030 2622 Quam
2071 2542 2270 2618 facile
2312 2542 2441 2617 hac
2483 2541 2555 2615 in
2608 2565 2681 2616 re
2722 2541 2853 2615 tiro
2892 2565 2935 2616 a
2970 2541 3192 2640 perito
3239 2543 3499 2618 artifice
3537 2543 3747 2619 inter-

693 2663 1053 2738 noscitur?
1121 2664 1358 2741 Quam
1407 2662 1708 2737 arduum
1757 2670 1866 2737 est
1911 2662 2130 2762 pelvis
2172 2661 2471 2736 formam
2518 2668 2590 2734 et
2639 2657 2944 2760 spatium
2994 2661 3447 2760 dignoscere?
3514 2664 3750 2741 Quam

706 2783 1170 2858 necessarium
1245 2805 1821 2882 unumquemque
1839 2839 1860 2871 ,
1931 2781 2056 2881 qui
2112 2788 2393 2881 partum
2441 2788 2677 2880 regat,
2737 2803 2877 2854 non
2923 2779 3269 2880 hospitem
3312 2807 3463 2858 esse
3508 2781 3584 2856 in
3642 2782 3753 2858 his

704 2899 972 2976 rebus?
1061 2904 1296 2981 Quam
1367 2901 1604 3001 gravia
1668 2925 1752 2977 ea
1816 2901 1890 2976 in
1947 2901 2212 3000 quibus
2261 2925 2515 2976 manus
2566 2899 2826 3000 peritae
2872 2907 2945 2974 et
2996 2901 3237 2976 doctae
3288 2901 3752 2976 ministerium

699 3019 1116 3120 requiritur,
1186 3046 1226 3097 e
1271 3022 1538 3123 quibus
1593 3019 1997 3122 saepissime
2041 3028 2113 3096 et
2159 3019 2403 3096 matris
2448 3028 2519 3095 et
2555 3018 2846 3096 infantis
2893 3020 3035 3098 vita
3078 3047 3159 3097 ac
3208 3022 3531 3098 valetudo
3580 3046 3752 3123 pen-

699 3130 922 3216 dent?
993 3143 1230 3220 Quam
1299 3142 1500 3233 forti,
1573 3142 1859 3231 audaci,
1929 3141 2276 3241 praesenti
2337 3141 2573 3217 animo
2628 3166 2805 3241 opus
2856 3149 3003 3233 est,
3064 3150 3326 3242 quanta
3382 3143 3756 3244 prudentia

699 3279 770 3336 et
835 3260 1274 3339 humanitate
1330 3269 1411 3337 ut
1459 3262 1534 3336 in
1589 3262 1835 3362 quovis
1883 3288 2092 3351 casu,
2141 3262 2214 3337 in
2269 3262 2515 3363 quovis
2558 3261 2663 3337 rei
2710 3269 3005 3352 eventu,
3051 3262 3559 3339 obstetricatori
3600 3289 3757 3340 vere

701 3379 793 3457 sit
835 3406 1248 3481 persuasum
1294 3408 1368 3458 se
1412 3382 1606 3459 nulla
1648 3384 1724 3458 in
1765 3391 1960 3482 parte
2003 3383 2226 3459 officio
2273 3382 2624 3459 defuisse?
2702 3382 2911 3457 Unde
2952 3388 3191 3459 autem
3230 3408 3313 3459 ea
3362 3383 3718 3461 discentur
3733 3444 3753 3474 ‚

702 3500 890 3576 unde
939 3526 1060 3578 eae
1113 3510 1296 3578 artes
1351 3510 1680 3603 petentur
1730 3504 1870 3579 nisi
1921 3528 1962 3579 e
2006 3503 2187 3580 bene
2237 3510 2635 3603 comparato
2676 3500 2921 3577 clinico
2964 3500 3361 3577 obstetricio
3400 3508 3525 3578 aut
3569 3510 3755 3579 toco-

603 3670 610 3676 ·
699 3620 968 3698 dochio,

797 3742 1102 3841 Propero
1146 3741 1239 3818 ad
1291 3742 1528 3819 finem.
1649 3742 1742 3817 Id
1809 3742 1964 3841 egi,
2026 3742 2117 3817 A.
2170 3741 2312 3832 H,
2375 3749 2457 3817 ut
2502 3741 2804 3818 breviter
2863 3738 3058 3815 vobis
3112 3740 3548 3817 ostenderem
3598 3742 3757 3819 ubi-

704 3886 980 3961 cunque
1041 3862 1312 3939 medica
1377 3888 1490 3939 ars
1560 3864 1878 3941 tradatur
1928 3862 2110 3938 bene
2161 3861 2577 3961 comparatis
2622 3861 2671 3937 i.
2721 3886 2784 3938 e.
2833 3854 3151 3961 inprimis
3199 3861 3449 3961 amplis
3490 3862 3754 3941 clinicis

701 4006 878 4082 opus
927 4006 1102 4059 esse.

799 4103 1050 4177 Restat
1115 4108 1198 4177 ut
1265 4102 1626 4178 videamus
1670 4126 1845 4179 num
1897 4126 1980 4178 ea
2035 4100 2293 4201 quibus
2340 4107 2579 4177 nostra
2632 4099 2854 4177 utitur
2903 4100 3283 4179 Academia
3334 4102 3421 4179 iis
3470 4124 3750 4205 respon-

705 4220 959 4310 deant,
1011 4246 1192 4320 quae
1233 4222 1444 4297 modo
1483 4220 1918 4298 adumbravi.

799 4340 990 4431 Quid
1051 4348 1288 4416 tamen
1341 4340 1584 4421 multis
1641 4366 1821 4443 opus
1877 4350 1986 4419 est
2037 4339 2313 4417 verbis?
2396 4340 2639 4418 Cuivis
2689 4350 2996 4419 vestrum
3042 4366 3182 4418 non
3233 4342 3440 4441 plane
3492 4341 3751 4441 hospiti

703 4460 778 4535 in
844 4460 957 4535 his
1023 4460 1234 4537 rebus
1293 4469 1542 4537 notum
1617 4470 1724 4537 est
1792 4462 2000 4562 longe
2048 4460 2293 4537 abesse
2343 4468 2429 4537 ut
2473 4460 2561 4537 iis
2610 4486 2791 4561 quae
2843 4461 3187 4538 habemus
3236 4461 3545 4537 contenti
3598 4484 3749 4537 esse

705 4580 1076 4681 possimus.
1191 4584 1658 4659 Accesserunt
1732 4581 1898 4657 huic
1961 4583 2343 4659 sententiae
2402 4583 2543 4659 iam
2595 4584 2857 4660 multos
2905 4582 3159 4658 abhinc
3204 4602 3423 4655 annos
3468 4579 3562 4670 ii,
3621 4579 3749 4681 qui

705 4709 1038 4801 praesunt
1085 4700 1508 4801 reipublicae
1555 4726 1638 4777 ac
1681 4701 1966 4779 meliora
2007 4702 2322 4801 cupiunt.
2388 4702 2703 4779 Accessit
2744 4703 3043 4777 Senatus
3082 4699 3295 4775 huius
3325 4697 3552 4788 urbis,
3591 4722 3747 4798 pro-

706 4820 931 4897 fessus
979 4846 1054 4899 se
1105 4829 1178 4897 et
1218 4846 1424 4899 curae
1467 4845 1831 4922 aegrorum
1874 4821 2362 4924 pauperiorum
2410 4829 2484 4897 et
2540 4820 2803 4897 clinicis
2846 4816 3299 4921 amplioribus
3347 4818 3747 4897 consultum

1543 4934 1552 4955 ¹
3314 4940 3365 5015 3
