4730 6049
1868 626 2430 698 ORATIO.
3559 636 3687 703 135

603 832 1075 911 concinnitate
1125 832 1525 932 conspicua,
1594 858 1809 932 quam
1870 837 1943 911 in
2008 861 2438 913 susannam
2507 837 2799 938 scriptis
2853 864 2934 917 ac
2991 840 3218 918 verbis
3269 868 3408 921 non
3459 845 3695 922 mirari
3795 834 3800 841 ’

598 978 747 1029 non
798 976 1229 1052 possumus,
1297 953 1406 1029 uti
1440 952 1733 1029 'animos
1794 964 2064 1031 nostros
2124 958 2431 1033 intentos
2497 959 2758 1049 tenuit,
2837 960 2939 1035 sic
3011 963 3204 1061 apud
3268 990 3396 1041 nos
3453 989 3698 1041 omnes

606 1073 1035 1149 desiderium
1082 1073 1405 1149 excitavit
1448 1072 1727 1173 legendi
1768 1102 1848 1151 ac
1888 1078 2245 1179 relegendi
2262 1138 2283 1168 ,
2336 1104 2519 1178 quae
2563 1103 2844 1155 summa
2883 1105 3050 1157 cum
3095 1083 3451 1185 voluptate
3493 1086 3692 1163 audi·

608 1193 863 1267 vimus.
968 1191 1106 1267 His
1158 1190 1413 1267 nostris
1468 1192 1646 1266 votis
1692 1218 1775 1269 ac
1804 1195 2143 1294 ,precibus
2190 1196 2537 1297 benignas
2587 1200 2924 1297 praebeas
2969 1226 3207 1294 aures,
3259 1204 3387 1281 Vir
3435 1208 3694 1307 gravis-

610 1312 818 1389 sime!
870 1312 989 1389 cui
1032 1312 1163 1389 hoc
1210 1336 1489 1413 quoque
1536 1314 1623 1387 de
1671 1313 1821 1389 loco
1868 1316 2294 1392 celebratum
2342 1318 2604 1394 festum
2658 1320 3086 1422 collatosque
3132 1324 3208 1400 in
3261 1326 3362 1399 'I'e
3405 1352 3448 1401 a
3494 1324 3692 1428 Rege

607 1433 905 1509 honores
954 1458 1157 1531 posse
1211 1431 1673 1532 congratulari
1690 1467 1709 1523 ;
1762 1460 1975 1533 quem
2026 1436 2297 1513 salvum
2349 1438 2580 1513 adhuc
2634 1464 2714 1515 ac
2757 1450 3188 1540 praesentem
3244 1444 3356 1519 hic
3402 1446 3693 1537 intueri,

614 1580 695 1635 eo
750 1553 1003 1629 maiori
1060 1560 1331 1629 nostros
1400 1554 1669 1629 animos
1718 1554 2077 1647 perfundit
2144 1556 2440 1646 laetitia,
2493 1583 2634 1656 quo
2693 1560 2974 1659 gravius
3025 1563 3408 1660 periculum
3433 1626 3454 1656 ,
3505 1566 3699 1642 brevi

612 1682 773 1774 post
808 1674 1073 1749 festum
1114 1674 1316 1753 illum
1360 1674 1585 1763 diem,
1639 1675 2024 1752 valetudini
2072 1686 2234 1753 tuae
2274 1678 2642 1756 imminere
2687 1680 3073 1758 videbatur.
3173 1684 3314 1774 Τιι,
3359 1711 3694 1787 perquam

602 1795 1003 1873 -venerande
1052 1796 1320 1871 Senex!
1388 1796 1913 1895 aegrotantibus
1974 1798 2404 1896 praesidium
2424 1858 2445 1888 ,
2516 1800 3044 1877 consulentibus
3089 1803 3364 1895 lumen,
3423 1806 3696 1883 afflictis

600 1918 942 1995 solatium
960 1976 981 2007 ,
1030 1916 1131 1993 ita
1171 1941 1323 1993 esse
1378 1940 1627 2017 pergas
1644 1974 1665 2007 ,
1718 1924 1797 1992 ut
1848 1917 2095 2005 simul,
2146 1942 2272 2020 per
2313 1920 2626 2018 placidos
2689 1928 2762 1995 et
2821 1924 3229 2023 tranquillos
3249 1983 3269 2014 ,
3341 1951 3516 2025 quos
3565 1927 3698 2002 tibi

616 2036 951 2137 largiatur
991 2036 1200 2113 Pater
1248 2036 1565 2119 coelestis
1587 2094 1607 2125 ,
1676 2061 1894 2113 annos
1912 2096 1933 2127 ,
2002 2037 2378 2115 honorifico
2439 2040 2604 2115 Tibi
2653 2039 3020 2141 designato
3065 2044 3208 2121 otio
3257 2072 3420 2121 cum
3468 2047 3697 2148 digni-

598 2164 763 2233 tate
806 2157 1043 2235 fruens
1062 2216 1083 2246 ,
1151 2156 1535 2233 valetudini
1602 2166 1767 2233 tuae
1835 2166 2047 2257 atque
2090 2158 2500 2235 'infirmitati
2565 2160 2888 2237 consulas
2909 2222 2930 2253 ,
3003 2188 3093 2239 ne
3151 2165 3306 2241 aliis
3363 2168 3700 2267 prodesse

598 2274 949 2367 .>studens,
1020 2278 1183 2353 Tibi
1246 2278 1457 2353 desis.
1577 2278 1955 2355 Numisma
2002 2304 2313 2357 aureum
2339 2338 2359 2369 ,
2434 2281 2626 2379 quod
2691 2281 2854 2357 Tibi
2913 2285 3333 2361 tradendum
3379 2287 3703 2364 decrevit

611 2398 958 2487 Senatus,
1034 2399 1351 2475 nondum
1425 2396 1753 2475 omnibus
1825 2398 2140 2477 numeris
2218 2425 2299 2475 ac
2375 2399 2693 2499 partibus
2762 2413 3326 2481 consummatum
3396 2432 3547 2483 esse
3631 2418 3704 2485 et

566 2519 1004 2619 ‘perfectum
1074 2520 1521 2595 vehementer
1589 2518 1907 2595 dolemus
1963 2523 2081 2615 ¹⁸).
2184 2520 2345 2597 Hoc
2381 2528 2650 2597 'autem
2719 2546 3134 2622 persuasum
3193 2526 3355 2600 Tibi
3406 2526 3700 2619 habeas,

602 2646 813 2715 :tuam
884 2639 1270 2739 imaginem
1338 2640 1415 2714 in
1486 2638 1667 2715 bene
1737 2639 2118 2725 multorum
2187 2640 2440 2716 animis
2511 2664 2660 2715 esse
2729 2642 3210 2741 consignatam
3231 2704 3252 2734 ,
3301 2646 3396 2721 ad
3441 2672 3690 2746 rogum

624 2784 843 2859 usque
900 2760 1263 2836 colendam
1280 2817 1303 2849 ,
1368 2761 1609 2859 Teque
1674 2760 2007 2861 longaeva
2064 2786 2147 2836 ac
2206 2760 2520 2835 benefica
2577 2760 2702 2835 tua
2763 2760 2904 2837 vita
2921 2820 2942 2851 ,
3009 2762 3140 2837 hac
3185 2764 3264 2837 in
3313 2766 3698 2843 Academia

526 2936 537 2943 .
624 2888 693 2955 et
758 2880 1039 2957 civitate
1109 2879 1819 2969 Rheno-Traiectina,
1868 2878 2030 2956 'ribi
2082 2886 2622 2955 monumentum
2679 2880 2980 2957 erexisse
3027 2871 3183 2958 ae're
3233 2890 3305 2958 et
3353 2908 3524 2961 auro
3573 2912 3708 2985 pe··

604 3002 929 3079 sennius.

718 3123 869 3204 Qui
920 3145 1447 3200 sussum-mun
1521 3130 1841 3198 nostrum
1900 3122 2404 3206 Decurionem,
2461 3119 2936 3210 renunciavit,
3005 3122 3194 3199 idem
3255 3127 3410 3202 Rex
3465 3135 3706 3203 noster

624 3242 1163 3342 augustissimus
1234 3242 1533 3318 alterum
1620 3266 1817 3318 verae
1892 3267 1974 3318 ac
2060 3243 2287 3318 iustae
2375 3242 2788 3318 meritorum
2859 3243 3358 3321 aestimationis
3423 3248 3698 3324 addidit

624 3363 1057 3464 exemplum,
1128 3363 1237 3439 cl.
1308 3387 1495 3440 Burs
1570 3385 1855 3438 Banno'r
1914 3363 2233 3499 equestri
2288 3363 2548 3438 Leonis
2617 3360 3066 3438 Neerlnndici
3131 3367 3382 3440 Ordini
3437 3369 3695 3444 adscri-

606 3484 887 3574 -bendo3
952 3485 1076 3584 qui
1135 3485 1356 3560 honor
1414 3483 1607 3558 haud
1658 3483 1799 3558 scio
1844 3509 1939 3560 an
1992 3484 2238 3560 maiori
2278 3485 2490 3561 etiam
2533 3481 2841 3580 collegas
2883 3509 2964 3561 ac
3015 3483 3434 3594 discipulos,
3485 3511 3698 3586 quam

610 3605 723 3682 ,Te
774 3607 1056 3705 ipsum,
1118 3605 1246 3679 Vir
1306 3603 1859 3680 modestissime!
1922 3605 2227 3682 affecerit
2268 3603 2576 3704 gaudio.
2683 3602 2842 3678 Hoc
2907 3611 3174 3680 certum
3203 3613 3377 3716 est,
3442 3631 3698 3684 nomen

606 3734 833 3804 -tuum
897 3725 1153 3800 virtute
1215 3751 1300 3802 ac
1372 3749 1569 3800 verae
1618 3723 1943 3800 scientiae
1999 3724 2328 3799 laudibus
2379 3721 2877 3824 conspicuum,
2927 3720 3100 3798 iam
3117 3722 3242 3798 diu
3286 3731 3454 3798 ante
3494 3725 3698 3800 nobi-

606 3845 905 3924 ·litatum
950 3845 1207 3936 fuisse,
1260 3870 1521 3945 quam
1514 3845 1663 3920 hoc
1713 3845 2015 3934 donum,
2063 3845 2255 3920 hunc
2306 3844 2596 3920 titulum
2645 3869 2688 3917 e
2737 3840 2955 3940 Regis
3002 3865 3222 3917 manu
3266 3844 3648 3943 acciperes!

724 3967 869 4042 Sed
948 3966 1073 4042 ubi
1106 3965 1331 4044 huic
1352 3963 1647 4042 orationi
1702 3966 1913 4044 finem
1976 3965 2375 4065 imponam,
2445 3964 2505 4038 si
2549 3967 2804 4038 cuncta
2855 3969 2930 4036 et
2974 3961 3286 4062 singula,
3345 3989 3528 4063 quae
3569 3964 3701 4040 hoc

626 4111 810 4164 anno
834 4087 1017 4166 laeta
1040 4086 1437 4174 evenerint,
1468 4109 2009 4162 commemorare
2034 4085 2243 4162 velim
2260 4088 2295 4160 P
2321 4086 2432 4162 Tu
2458 4144 2479 4175 ,
2501 4084 2610 4160 01.
2639 4105 3070 4174 scammis,
3099 4107 3250 4160 van
3275 4107 3430 4160 nna
3457 4087 3699 4162 nom!

610 4219 777 4294 iinre
822 4215 967 4280 ‚tuo
1028 4205 1172 4280 filio
1227 4204 1573 4303 gloriatus
1604 4229 1743 4294 -οε,
1812 4206 1904 4280 ad
1970 4205 2428 4281 honorificum
2489 4225 2752 4282 munus
2811 4211 3088 4292 vocate,
3155 4203 3248 4278 ob
3309 4229 3694 4293 summam,

606 4351 811 4426 -quae
838 4325 931 4400 in
972 4325 1225 4400 iuvene
1242 4323 1646 4423 :exspectari
1694 4326 1952 4424 possit,
1996 4325 2349 4402 doctrinae
2391 4324 2888 4424 praestantiam
2907 4383 2929 4412 ,
2951 4348 3232 4422 ‚magna
3257 4347 3420 4398 cum
3449 4323 3656 4398 laude
3675 4382 3696 4410 ‚

628 4447 1033 4524 Matbeseos
1098 4451 1171 4520 et
1232 4443 1719 4545 Philosophiae
1779 4443 2114 4520 naturalis
2178 4443 2460 4522 doctore
2523 4450 2776 4522 creato.
2875 4440 3055 4530 Vos,
3107 4441 3489 4516 Clarissimi
3541 4463 3692 4516 van

636 4589 817 4644 unse
870 4573 963 4642 et
1030 4567 1361 4646 vanans!
1402 4565 1527 4642 zob
1590 4564 1990 4640 felicitatem
2010 4621 2033 4654 ,
2092 4587 2283 4663 ‚quae
2338 4562 2710 4640 carissimis
2761 4561 3018 4661 obtigit
3063 4549 3374 4650 filiabus,
3425 4569 3695 4638 vosmet

616 4685 1095 4788 :ipsesfelices
1123 4685 1609 4786 praedicastis!
1684 4685 1882 4775 Tibi,
1920 4685 2027 4760 Ol.
2050 4681 2211 4766 ,hu
2244 4684 2729 4760 eounonvnal
2779 4682 3178 4768 hic2annus,
3209 4679 3398 4756 salva
3425 4703 3646 4756 uxore
3667 4741 3688 4770 ,

616 4821 1007 4908 paternum
1056 4807 1411 4886 renovavit
1463 4805 1845 4908 gaudium;
1894 4829 1977 4880 ac
2023 4805 2170 4895 Tu,
2220 4805 2326 4880 01.
2381 4804 2651 4880 wnxnl
2703 4801 2937 4878 Deum
2983 4824 3110 4898 pm
3133 4823 3282 4876 ‚sua
3321 4801 3692 4878 clementia
