4730 6049
1831 656 2393 729 ORATIO.
3514 660 3646 731 169

579 892 755 967 quae
820 866 1077 942 tradita
1148 870 1315 941 sunt
1381 864 1483 940 nil
1530 864 1874 966 accipiens
1894 926 1914 955 ,
1962 890 2055 943 ne
2108 892 2420 967 unquam
2466 868 2730 968 soporis
2775 892 2970 945 ream
3017 868 3240 946 facere
3283 869 3444 970 quis
3479 894 3637 946 eam

576 989 723 1063 iure
770 995 1019 1087 queat:
1090 988 1389 1062 Trasan
1432 1008 2023 1077 nnusrnanusu,
2064 988 2516 1063 illustrissimi
2553 987 2808 1077 critici,
2845 987 2938 1063 ob
2975 989 3214 1063 oculos
3252 989 3450 1064 vobis
3487 1011 3636 1065 ver-

576 1115 767 1183 satur
804 1107 1069 1209 effigies
1086 1166 1107 1196 ,
1152 1108 1240 1183 A.
1266 1107 1397 1181 A.!
1448 1105 1639 1181 'I'alis
1674 1106 1945 1182 critices
1984 1108 2219 1209 imago
2238 1166 2259 1197 ‚
2303 1107 2530 1206 qualis
2570 1108 2757 1183 illius
2793 1107 2930 1183 oris
2969 1110 3230 1209 figura!
3315 1140 3352 1180 n
3370 1110 3639 1187 Omnes

570 1228 646 1303 in
682 1228 884 1317 illo‚”
924 1236 1007 1302 ut
1050 1228 1151 1303 ait
1199 1248 1678 1303 annuamus
1708 1228 1770 1320 ι)
1798 1284 1819 1315 ,
1876 1256 1913 1297 n
1936 1227 2146 1303 talem
2198 1228 2556 1305 oculorum
2601 1228 2820 1303 aciem
2845 1286 2866 1317 ,
2917 1230 3143 1327 qualis
3196 1230 3517 1328 lyncibus
3559 1237 3634 1307 et

573 1347 825 1447 aquilis
869 1347 1086 1421 tribui
1134 1346 1347 1436 solet,
1396 1345 1851 1425 mirabantur.
1954 1348 2095 1423 Sed
2145 1346 2452 1447 profecto
2503 1348 2758 1423 mentis
2806 1349 2986 1425 acies
3038 1349 3262 1424 multo
3313 1348 3631 1426 miranda

573 1468 824 1567 magis.
894 1467 1095 1543 Nihil
1137 1476 1281 1542 tam
1322 1466 1647 1543 abditum
1685 1477 1833 1543 erat
1849 1526 1869 1556 ,
1919 1476 2067 1543 tam
2114 1467 2292 1544 nihil
2327 1475 2678 1543 retrusum
2698 1525 2719 1558 ,
2756 1468 2946 1570 quod
2991 1469 3142 1544 eius
3178 1494 3466 1545 acumen
3499 1471 3627 1549 fal-

575 1587 765 1663 leret.
845 1588 1044 1662 Nihil
1078 1595 1224 1662 tam
1264 1587 1657 1687 depositum
1698 1613 1777 1661 ac
1813 1611 2030 1687 prope
2064 1588 2570 1677 conclamatum
2590 1647 2611 1677 ‚
2651 1588 2766 1663 cui
2805 1612 2946 1663 non
2985 1588 3200 1665 vitam
3228 1600 3300 1664 et
3330 1591 3628 1669 salutem

576 1706 915 1785 redderet.
1017 1707 1215 1782 Nihil
1252 1715 1400 1782 tam
1446 1707 1811 1783 artificiose
1850 1708 2257 1784 simulatum
2280 1766 2299 1797 ,
2351 1708 2524 1807 quin
2573 1707 2890 1784 fraudem
2936 1707 3134 1783 facile
3183 1709 3506 1801 sentiret,
3557 1718 3634 1787 et

571 1827 849 1903 indiciis
908 1828 1055 1903 suis
1122 1829 1463 1903 teneret.'’
1564 1828 1765 1903 Tales
1818 1828 2057 1904 critica
2106 1836 2334 1919 amat,
2410 1827 2688 1927 qualem
2737 1852 3369 1906 nnusuanusnm
3415 1831 3634 1907 fuisse

572 1956 820 2023 notum
869 1956 1017 2037 est,
1066 1949 1219 2049 ipsa
1265 1946 1526 2023 scilicet
1572 1949 1809 2024 oculos
1852 1949 2117 2025 habens
2136 2007 2157 2037 ‚
2208 1948 2450 2049 quales
2499 1949 2821 2047 lyncibus
2867 1957 2940 2025 et
2978 1949 3228 2049 aquilis
3272 1951 3630 2044 tribuunt,

572 2066 798 2166 iisque
874 2092 1146 2167 semper
1217 2076 1421 2143 utens
1444 2126 1464 2157 ,
1537 2092 1627 2143 ne
1697 2092 1935 2144 eorum
2008 2093 2189 2168 quae
2262 2069 2518 2169 vulgus
2583 2068 2896 2168 decipere
2965 2068 3188 2143 solent
3242 2070 3632 2170 quidquam

571 2186 795 2286 ipsius
865 2212 1157 2263 acumen
1222 2188 1437 2265 fallat.
1543 2190 1747 2268 Quae
1800 2196 2037 2264 autem
2057 2248 2077 2278 ,
2128 2214 2216 2264 ex
2268 2189 2580 2263 muneris
2631 2188 2768 2265 sibi
2819 2190 3134 2266 mandati
3185 2190 3452 2265 ratione
3497 2190 3630 2267 im-

569 2306 929 2407 placabilis
996 2334 1269 2409 semper
1339 2320 1411 2387 et
1480 2310 1923 2387 inexorabilis
1943 2369 1964 2400 ‚
2036 2310 2127 2385 ad
2184 2310 2588 2411 negandum
2644 2319 2886 2387 vocata
2930 2318 3040 2387 est
3058 2368 3080 2401 ,
3137 2309 3264 2386 ubi
3311 2308 3634 2386 assentiri

570 2452 716 2503 non
778 2428 943 2504 licet
961 2489 980 2520 ‚
1041 2430 1133 2505 ad
1192 2432 1697 2509 destruendum
1718 2490 1738 2521 ,
1809 2431 1935 2505 ubi
1981 2430 2155 2505 falsa
2198 2456 2364 2506 cum
2413 2430 2590 2505 veris
2641 2432 2984 2529 permixta
3029 2430 3261 2520 videt,
3314 2430 3492 2506 hanc
3539 2454 3630 2507 ne

570 2549 727 2624 ideo
769 2550 1261 2626 destructivam
1279 2612 1299 2641 ,
1350 2552 1527 2627 hanc
1568 2552 1963 2651 negativam
2010 2575 2097 2625 ne
2135 2550 2321 2625 dicat
2368 2551 2786 2649 quisquam!
2852 2549 3020 2624 Veri
3056 2549 3358 2625 nominis
3396 2551 3636 2627 critica

570 2693 711 2745 non
760 2678 990 2769 potest
1036 2696 1173 2745 non
1226 2670 1523 2747 subinde
1572 2696 1825 2771 negare
1874 2680 1947 2746 et
1990 2672 2372 2747 destruere.
2476 2670 2870 2745 Nonnullos
2887 2728 2908 2759 ‚
2957 2669 3446 2769 praeiudicatis
3482 2670 3632 2769 opi-

572 2790 901 2866 nionibus
960 2790 1271 2866 faventes
1289 2850 1310 2881 ‚
1382 2792 1728 2867 credenda
1796 2816 2087 2892 negasse
2106 2849 2127 2880 ,
2198 2790 2462 2865 tuenda
2519 2790 2833 2865 reiecisse
2852 2847 2873 2880 ,
2935 2790 3066 2865 hoc
3112 2813 3310 2864 verae
3357 2788 3634 2865 criticae

573 2908 1062 3009 vituperationi
1128 2936 1279 2986 esse
1329 2912 1489 3010 quis
1540 2936 1809 3011 aequus
1859 2912 2071 2986 iudex
2118 2911 2448 2986 censeat?
2524 2910 2897 2985 Caeterum
2916 2968 2937 2999 ‚
3005 2908 3130 3008 qui
3176 2908 3327 2985 eius
3373 2933 3635 2985 munus

570 3029 702 3104 rite
744 3030 1285 3107 describendum
1328 3031 1464 3106 sibi
1488 3042 1781 3122 sumat,
1832 3058 1921 3108 ne
1966 3057 2120 3109 eam
2158 3031 2528 3134 positivam
2564 3031 2752 3108 dicat
2792 3029 2898 3104 vel
2937 3030 3328 3130 negativam
3349 3088 3371 3120 ,
3405 3054 3637 3131 neque

474 3236 479 3240 ,
568 3151 1109 3226 constructivam
1174 3176 1405 3253 neque
1472 3152 1963 3228 destructivam
1983 3212 2004 3243 ‚
2072 3176 2300 3252 neque
2352 3155 2634 3231 πίστον
2650 3210 2672 3242 ,
2735 3175 2966 3251 neque
3021 3149 3374 3228 ἄπιστον.
3426 3139 3431 3147 ’
3480 3150 3642 3227 Hoc

565 3270 799 3369 potius
869 3278 1109 3346 teneat
1126 3329 1147 3362 ,
1214 3271 1491 3348 criticae
1560 3273 1963 3348 incumbere
2024 3273 2255 3367 (liceat
2304 3273 2835 3373 pharmaceutas
2881 3272 3083 3371 sequi
3101 3330 3122 3360 ‚
3175 3295 3476 3370 quorum
3529 3295 3642 3347 ars

565 3389 835 3490 aliquid
903 3391 1117 3466 habet
1133 3449 1155 3480 ,
1228 3392 1420 3490 quod
1468 3393 1745 3469 criticae
1790 3393 2065 3493 privum
2116 3392 2618 3493 propriumque
2665 3398 2801 3484 est)
2826 3449 2848 3481 ‚
2911 3399 2990 3467 ut
3042 3415 3167 3489 per
3223 3392 3638 3467 solutionem

566 3518 638 3586 et
683 3513 1187 3611 separationem
1232 3537 1473 3588 eorum
1496 3572 1517 3602 ‚
1567 3538 1747 3613 quae
1797 3513 1893 3590 ad
1939 3513 2297 3588 veritatem
2352 3512 2906 3613 cognoscendam
2955 3510 3386 3610 seiungenda
3429 3517 3598 3587 sunt
3615 3567 3636 3602 ,

564 3633 854 3707 tandem
920 3633 1275 3732 perveniat
1318 3628 1421 3708 ”ad
1475 3633 1873 3733 depositum
1924 3633 2101 3709 illud
2152 3633 2752 3734 exoptatissimum
2805 3639 2880 3706 et
2923 3630 3590 3706 desideratissimum
3611 3687 3635 3724 ,

566 3752 877 3828 veritatis
924 3753 1359 3853 perspicuam
1407 3762 1479 3830 et
1526 3754 1911 3830 dilucidam
1962 3753 2486 3853 expositionem.

664 3992 870 4071 Quid
934 3999 1209 4082 autem,
1284 3992 1344 4066 si
1410 3993 1499 4068 de
1570 3994 1779 4070 iure
1822 3994 2091 4069 critices
2133 3991 2601 4067 dubitandum
2653 3990 2800 4068 sit?
2887 3992 3058 4070 Quo
3103 3979 3389 4066 tandem
3431 3991 3634 4066 iure?

560 4113 763 4186 Num
814 4111 1117 4186 credulis
1170 4130 1320 4186 esse
1369 4114 1571 4188 nobis
1625 4115 1839 4190 licet?
1908 4115 2108 4190 Num
2148 4112 2476 4212 cuiquam
2523 4110 2718 4188 istud
2765 4112 3122 4211 imponere
3171 4137 3300 4213 par
3351 4117 3460 4188 est
3479 4171 3500 4202 ,
3549 4117 3636 4188 ut

562 4257 655 4307 ne
722 4232 800 4306 in
864 4232 1081 4306 fidem
1154 4232 1549 4309 historicam
1614 4243 1686 4309 et
1756 4235 2115 4310 veritatem
2165 4233 2474 4333 inquirat
2523 4255 2767 4308 eorum
2785 4289 2806 4320 ,
2871 4256 3052 4331 quae
3099 4233 3166 4306 ei
3205 4233 3630 4309 traduntur?

450 4442 457 4450 ‚
560 4352 767 4429 Num
838 4352 1211 4453 sacrilegus
1280 4343 1628 4430 dicendus
1680 4363 1823 4445 est,
1887 4356 2011 4456 qui
2066 4355 2191 4430 ubi
2247 4354 2337 4430 de
2382 4379 2540 4430 vero
2583 4377 2810 4429 sermo
2853 4361 2964 4428 est
3009 4353 3154 4428 suis
3205 4377 3417 4454 quam
3457 4351 3623 4428 alio-

560 4497 726 4546 rum
771 4471 993 4546 oculis
1042 4471 1147 4546 uti
1189 4472 1505 4547 mavult?
1580 4473 1797 4553 Quod
1841 4498 1931 4548 ne
1974 4473 2050 4547 in
2096 4497 2217 4548 vos
2270 4471 2537 4548 dictum
2591 4497 2744 4548 esse
2785 4471 3122 4548 censeatis
3141 4529 3164 4561 ,
3214 4472 3304 4546 A.
3357 4471 3489 4546 A.!
3541 4496 3622 4548 ac

564 4592 625 4666 si
672 4617 717 4667 a
764 4590 1036 4666 critices
1082 4591 1316 4667 studio
1362 4617 1482 4668 vos
1526 4619 1797 4670 aversos
1842 4619 1995 4670 esse
2036 4593 2458 4693 suspicarer!
2534 4595 2622 4669 In
2660 4617 2780 4670 vos
2797 4650 2818 4683 ,
2849 4591 2925 4668 ni
2960 4592 3192 4681 fallor,
3229 4615 3372 4667 non
3399 4591 3621 4683 cadit,

646 4841 699 4925 ¹)
760 4843 835 4904 In
876 4844 1050 4920 3209.
1093 4844 1211 4907 m.
1250 4845 1683 4910 Emmaus.

3191 4948 3290 5022 22
