4730 6049
1041 652 1174 719 3⁷2
2054 644 3083 717 ORDQLECTIONUM.

1147 880 1597 935 normannos
1663 878 1962 931 arona
2019 855 2270 931 diebus
2314 856 2559 933 Lunae
2580 915 2601 949 ,
2664 856 2917 933 Martis
2962 865 3035 932 et
3073 854 3449 949 Mercurii,
3497 855 3671 931 hora
3712 854 3867 946 IX,
3916 857 4113 931 Anti-

1047 980 1352 1081 quitates
1399 980 1751 1053 Romanae
1794 984 2136 1077 exponet3
2205 976 2603 1053 Historiam
2654 978 3103 1053 universalem
3152 974 3401 1051 iisdem
3457 975 3708 1051 diebus
3724 1034 3747 1068 ,
3797 976 3969 1052 hora
4006 974 4078 1050 X
4093 1008 4113 1063 ;

1051 1102 1522 1201 Antiquitates
1568 1102 1873 1176 Graecas
1917 1098 2168 1173 iisdem
2220 1097 2471 1174 diebus
2491 1156 2512 1187 ,
2564 1097 2732 1173 hora
2778 1098 2987 1173 VIII.

1151 1244 1242 1295 co
1254 1242 1564 1297 annuus
1613 1244 1945 1295 malimus
1991 1242 2384 1294 raAnchN
2438 1218 2688 1293 diebus
2737 1218 2925 1293 Iovis
2966 1224 3035 1291 et
3078 1214 3413 1306 Veneris,
3456 1216 3623 1292 hora
3646 1215 3759 1306 X,
3804 1215 4119 1306 Saturni,

1047 1338 1218 1415 hora
1283 1338 1477 1426 XII,
1551 1337 2120 1438 interpretabitur
2186 1360 2438 1414 'racrrr
2506 1338 2976 1412 Historiarum
3034 1338 3277 1411 librum
3346 1337 3499 1427 IV,
3558 1358 3907 1411 maxum
3972 1336 4119 1413 He·

1047 1462 1770 1550 autontimorumenon3
1843 1458 2093 1534 diebus
2163 1458 2348 1533 Iovis
2404 1465 2477 1532 et
2528 1457 2820 1532 Veneris
2838 1516 2859 1547 ,
2910 1457 3079 1533 hora
3134 1456 3284 1531 XII
3303 1515 3324 1546 ,
3390 1456 3712 1546 Saturni,
3776 1456 3945 1531 hora
4004 1456 4077 1530 X
4098 1515 4119 1548 ,

1049 1602 1499 1657 rnucrmms
1545 1582 1790 1656 librum
1829 1581 1970 1669 II,
2023 1602 2314 1655 nouam
2353 1580 2613 1654 Iliadis
2660 1579 2837 1653 locos
2896 1578 3209 1667 selectos,
3262 1577 3473 1652 simul
3508 1578 3597 1652 de
3639 1577 3865 1677 prisca
3906 1576 4123 1652 forma

1051 1709 1124 1778 et
1180 1701 1468 1779 historia
1515 1699 1902 1779 carminum
1957 1700 2491 1775 Homericorum
2544 1698 3004 1797 expositurus,
3108 1697 3380 1772 Diebus
3426 1697 3619 1773 Iovis
3666 1707 3739 1773 et
3789 1696 4119 1789 Veneris,

1048 1822 1220 1900 hora
1267 1822 1378 1899 XI
1398 1882 1419 1913 ,
1491 1848 1656 1899 cum
1704 1821 2251 1922 provectioribus
2299 1828 2424 1895 aut
2486 1842 2792 1893 nonu-11
2856 1821 3048 1895 Odaa
3101 1827 3226 1894 aut
3275 1841 3735 1894 rmromcau
3808 1819 4121 1893 Civitatis

983 1990 990 1996 -
1039 1944 1286 2042 partes
1324 1942 1613 2017 selectae
1643 1940 2113 2039 pertractabit.
2183 1938 2457 2013 Diebus
2495 1938 2740 2013 Lunae
2770 1946 2842 2012 et
2877 1938 3241 2029 Mercurii,
3282 1939 3451 2015 hora
3490 1940 3527 2011 I
3541 1996 3563 2028 ‚
3608 1939 4121 2039 Paedaqoqicen

1051 2061 1313 2150 tradet,
1356 2060 1707 2137 adiunctis
1749 2059 2000 2135 Latine
2045 2058 2395 2135 scribendi
2439 2066 2511 2134 et
2560 2059 2944 2135 disserendi
2992 2058 3355 2135 exercitiis,

1955 2256 2068 2331 IN
2113 2254 2686 2330 FACUL'PATE
2740 2254 3221 2343 IURIDICA.

1154 2442 1522 2495 ammons
1572 2442 1960 2510 manners,
2003 2418 2312 2495 muneris
2360 2419 2783 2494 vacationem
2830 2426 3245 2495 consecutus
3264 2478 3285 2509 ,
3330 2418 3661 2495 lectiones
3700 2415 3933 2491 nullas
3982 2413 4120 2489 edi·

1053 2538 1184 2628 cit;
1250 2538 1504 2638 quodsi
1573 2538 1708 2613 alia
1773 2562 1911 2638 ope
1981 2537 2154 2613 iuris
2219 2537 2552 2613 studiosis
2612 2539 2943 2637 prodesse
3006 2540 3301 2639 poterit,
3359 2563 3515 2614 eam
3540 2597 3561 2628 ,
3610 2544 3959 2637 quantum
4008 2556 4125 2633 per

1058 2658 1237 2737 vires
1286 2658 1564 2748 licebit,
1615 2659 2019 2758 petentibus
2070 2657 2322 2733 lubens
2373 2658 2946 2736 accommodabit.

1149 2802 1462 2855 IAOOBUS
1535 2802 1990 2857 annuamus
2053 2802 2401 2855 rmmrsn
2459 2780 2709 2855 diebus
2763 2779 3059 2870 Martis,
3109 2780 3278 2856 hora
3330 2778 3487 2869 XI,
3540 2775 3915 2865 Mercurii,
3964 2774 4127 2851 hora

1047 2900 1122 2977 X
1143 2958 1168 2992 ,
1207 2900 1398 2976 Iovis
1444 2907 1516 2976 et
1559 2899 1852 2977 Veneris
1873 2959 1894 2992 ,
1946 2900 2115 2976 hora
2161 2898 2274 2973 XI
2295 2959 2318 2989 ,
2369 2901 2859 2975 Inatitutiones
2906 2922 3320 2976 mammam
3360 2896 3735 2999 explicabit
3745 2930 3768 2988 ;
3820 2894 3935 2971 die
3989 2893 4125 2971 Lu-

1049 3045 1222 3112 nae,
1291 3022 1542 3098 Martis
1563 3080 1582 3113 ,
1653 3021 1841 3099 Iovis
1921 3029 1992 3098 et
2060 3019 2356 3096 Veneris
2376 3080 2397 3111 ,
2474 3020 2643 3098 hora
2704 3020 2852 3112 IX,
2941 3047 3179 3098 mense
3246 3045 3403 3096 vero
3479 3019 3673 3096 Maio
3692 3078 3715 3111 ,
3780 3015 3991 3092 Iunio
4058 3021 4126 3091 et

1053 3143 1487 3244 Septembri,
1547 3142 1796 3218 iisdem
1869 3142 2118 3219 diebus
2141 3201 2162 3234 ,
2215 3141 2385 3218 hora
2446 3141 2631 3217 VIII
2652 3201 2672 3232 ,
2724 3144 3019 3218 selectos
3083 3143 3591 3218 Pandectarum
3640 3141 3827 3216 locos
3884 3143 4125 3213 tracta·

1051 3261 1196 3354 bit;
1267 3263 1381 3339 die
1453 3264 1733 3353 Lunae,
1807 3263 1974 3339 hora
2041 3261 2115 3338 X
2187 3270 2260 3338 et
2337 3261 2449 3337 XI
2473 3320 2494 3353 ,
2559 3262 2673 3338 die
2734 3263 3024 3353 Martia,
3085 3262 3254 3338 hora
3318 3261 3428 3351 X,
3495 3261 3889 3336 Historiam
3940 3257 4129 3333 Iunis

1053 3383 1356 3460 Romani
1403 3384 1750 3460 enarrabit
1765 3416 1786 3474 ;
1859 3383 1974 3458 die
2049 3382 2389 3459 Mercurii
2410 3441 2431 3472 ,
2508 3382 2677 3458 hora
2750 3383 2901 3474 IX,
2969 3383 3159 3460 Iovis
3226 3389 3299 3459 et
3366 3379 3659 3458 Veneris
3680 3437 3703 3470 ,
3774 3377 3945 3456 hora
4025 3375 4125 3467 X,

1055 3505 1668 3606 Enqqclopaediam
1719 3511 1792 3580 et
1836 3502 1936 3575 M
1929 3505 2423 3605 etbodoloqiam
2471 3504 2670 3580 Iuris
2718 3504 2970 3581 tradet.

1153 3647 1594 3702 BERNARDUS
1643 3647 1863 3701 unos
1927 3647 2287 3700 anamma
2346 3624 2575 3701 tradet
2610 3621 2741 3700 Ius
2785 3625 3105 3700 naturale
3146 3621 3397 3698 diebus
3433 3622 3678 3697 Lunae
3726 3628 3800 3696 et
3840 3616 4125 3707 Martis,

1059 3746 1228 3822 hora
1288 3745 1400 3820 IX
1425 3803 1446 3837 ,
1509 3747 1624 3820 die
1689 3747 2068 3836 Mercurii,
2119 3745 2290 3821 hora
2350 3744 2503 3836 XI;
2553 3747 2685 3822 Iac
2730 3747 3084 3822 criminale
3136 3742 3389 3818 diebus
3434 3741 3679 3818 Lunae
3696 3799 3719 3832 ,
3766 3739 4019 3816 Martis
4058 3745 4127 3812 et

1059 3865 1436 3955 Mercurii,
1496 3867 1662 3942 hora
1727 3865 1838 3955 X3
1919 3867 2243 3942 Ordinem
2303 3865 2726 3940 Iudiciorum
2763 3865 3185 3964 publicorum
3231 3861 3481 3938 diebus
3532 3861 3779 3938 Lunae
3824 3867 3898 3937 et
3942 3860 4124 3934 Mar·

1063 3984 1198 4076 tis,
1247 3986 1416 4062 hora
1463 3986 1614 4075 XI,
1661 3986 1774 4060 die
1831 3984 2201 4074 Mercurii,
2253 3984 2427 4060 hora
2471 3985 2595 4060 IX.

1166 4129 1355 4183 οπο
1376 4130 1526 4181 vm
1549 4129 1728 4182 anas
1761 4107 2224 4182 Oeconomiam
2235 4107 2589 4205 politicam
2616 4059 2895 4179 docebit
2916 4104 3167 4180 diebus
3186 4104 3431 4179 Lunae
3448 4160 3468 4192 ,
3492 4100 3745 4178 Martis
3764 4109 3839 4176 et
3856 4101 4123 4176 Mercu·

1067 4226 1177 4318 rii,
1195 4227 1361 4302 hora
1377 4227 1438 4318 13
1461 4229 1888 4302 Statiaticam
1895 4228 2178 4325 patriae
2193 4225 2443 4300 iisdem
2466 4224 2737 4316 diebus,
2760 4223 2928 4301 hora
2949 4224 3132 4315 XII;
3157 4225 3213 4300 I
3208 4249 3286 4300 ua
3284 4225 3635 4324 publicum
3651 4220 3903 4298 diebus
3916 4219 4123 4308 Iovis,

1069 4346 1362 4424 Veneris
1404 4355 1476 4423 et
1519 4347 1836 4438 Saturni,
1879 4347 2048 4422 hora
2092 4345 2164 4420 X
2175 4379 2195 4436 ;
2235 4347 2296 4420 I
2287 4372 2367 4422 us
2394 4350 2697 4448 pontium
2740 4349 3177 4446 Europaeum
3200 4343 3449 4422 iisdem
3480 4342 3731 4420 diebus
3746 4401 3769 4434 ,
3802 4341 3979 4418 hora
3998 4338 4123 4414 XI.

1168 4544 1480 4621 Vacante
1539 4542 1867 4620 cathedra
1927 4541 2100 4618 iuris
2153 4541 2381 4619 civilis
2428 4543 2635 4643 patrii
2676 4541 3004 4618 lectiones
3050 4543 3139 4618 de
3180 4539 3330 4616 iure
3371 4539 3702 4616 hodierno
3744 4546 3987 4640 postea
4026 4533 4127 4609 in-

1076 4663 1512 4740 dicabuntur.

1174 4827 1787 4929 Disputationibus
1831 4826 2134 4929 publicis
2182 4832 2254 4902 et
2305 4825 2591 4927 privatis
2635 4825 2956 4903 lubenter
2994 4829 3371 4929 praeerunt
3409 4824 3597 4900 Iuris
3636 4823 4078 4902 Professores.
