4730 6049
1854 598 2417 668 ORATIO.
3250 655 3256 661 ..
3553 601 3682 670 59.

590 811 759 888 mihi
815 811 1175 886 vobiscum
1226 809 1615 886 intercessit
1659 808 2120 885 necessitudo.
2200 807 2520 900 Lubens,
2576 810 2683 885 Cl.
2733 833 2830 884 me.
2871 834 3037 885 wan
3057 868 3076 898 ,
3123 811 3197 884 in
3243 810 3650 886 memoriam
3757 887 3770 897 ,

587 933 789 1010 redeo
855 933 1045 1008 illius
1112 932 1441 1033 temporis
1460 990 1482 1021 ,
1552 955 1693 1030 quo
1762 955 1985 1031 quum
2046 938 2127 1004 tu
2179 930 2594 1006 accusatoris
2652 931 2914 1029 publici
2975 931 3350 1006 sustineres
3417 955 3648 1030 perso-

588 1079 744 1130 nam
763 1112 784 1144 ,
854 1080 989 1154 ego
1044 1079 1199 1128 reos
1266 1052 1707 1128 defenderem
1732 1109 1751 1140 ,
1821 1075 1963 1126 non
2029 1050 2317 1150 quidem
2389 1051 2540 1126 sine
2613 1043 2830 1126 animi
2887 1052 3328 1127 contentione
3379 1052 3452 1126 in
3499 1053 3650 1128 foro

586 1175 1124 1274 disceptavimus
1144 1233 1165 1263 ‚
1238 1172 1363 1248 sed
1430 1173 1531 1246 ita
1550 1229 1571 1261 ‚
1642 1179 1727 1246 ut
1789 1172 1917 1246 uni
1992 1172 2079 1247 de
2154 1172 2372 1246 altero
2445 1178 2633 1246 esset
2701 1197 3108 1272 persuasum
3131 1231 3152 1261 ‚
3224 1197 3364 1248 non
3434 1172 3649 1258 verba

588 1295 885 1371 cavillari
966 1276 1097 1370 nec
1176 1317 1419 1369 auram
1493 1292 1899 1394 popularem
1972 1317 2255 1392 capere,
2342 1291 2470 1366 sed
2536 1293 2650 1367 ius
2719 1295 2900 1367 tueri
2969 1318 3120 1368 esse
3191 1293 3644 1393 propositum.

590 1414 872 1490 Lubens
894 1471 917 1503 ,
1002 1437 1381 1490 vrsssamo
1405 1471 1425 1501 ,
1490 1412 1811 1488 recordor
1882 1413 2073 1488 illius
2132 1414 2300 1489 anni
2322 1472 2341 1500 ,
2425 1437 2564 1510 quo
2627 1413 3017 1488 studiorum
3065 1414 3290 1487 stadio
3339 1412 3479 1488 fere
3524 1410 3644 1486 de-

590 1561 823 1623 curso,
900 1543 1195 1633 uterque
1267 1533 1381 1608 usi
1442 1557 1688 1607 sumus
1760 1541 2201 1632 praeceptore
2278 1555 2752 1606 rfloasscmo
2773 1591 2792 1621 ‚
2871 1533 3015 1607 viro
3075 1533 3194 1607 illo
3258 1533 3643 1632 praeclaro,

588 1657 783 1732 cuius
822 1655 916 1728 de
950 1655 1077 1730 hac
1118 1652 1499 1729 Academia
1546 1661 1617 1726 et
1661 1651 1749 1726 de
1796 1652 1947 1726 iure
1995 1652 2276 1752 publico
2328 1653 2576 1726 merita
2625 1652 2966 1726 celebrare
2985 1711 3006 1740 ‚
3057 1676 3196 1727 non
3235 1660 3344 1726 est
3379 1677 3640 1729 meum.

592 1777 959 1850 Testantur
1008 1776 1265 1874 scripta
1288 1832 1307 1862 ‚
1360 1780 1705 1847 testantur
1752 1779 1952 1871 grato
1994 1772 2231 1848 animo
2282 1771 2406 1870 qui
2455 1778 2622 1846 sunt
2666 1772 3034 1871 discipuli,
3081 1773 3454 1848 testabitur
3495 1797 3643 1847 me·

586 1921 735 1970 mot
788 1903 879 1972 et,
914 1921 1137 1993 aequa
1182 1893 1590 1994 posteritas,
1642 1891 1827 1966 illius
1874 1917 2034 1967 vero
2086 1892 2159 1966 in
2213 1917 2325 1966 me
2379 1917 2730 1966 summam
2784 1893 3330 1967 benevolentiam
3377 1893 3643 1966 solenni

592 2015 797 2090 hocce
848 2015 963 2088 die
1012 2015 1289 2088 silentio
1338 2012 1747 2112 praeterire,
1798 2012 2095 2112 impium
2144 2021 2213 2088 et
2262 2011 2456 2086 nefas
2506 2011 2850 2087 ducerem.

682 2135 755 2208 Si
768 2133 921 2208 Viri
934 2134 1041 2208 Cl.
1056 2135 1239 2208 Iuris
1256 2136 1747 2208 Antecessores
1770 2133 1786 2206 l
1808 2175 1907 2190 --
1922 2157 2086 2208 nam
2105 2141 2173 2206 te
2198 2157 2500 2231 quoque,
2525 2132 2786 2206 otuu
2813 2155 3154 2208 nonant,
3177 2157 3440 2221 rauna,
3467 2158 3637 2232 qua·

588 2259 719 2334 lem
742 2255 969 2329 habeo
986 2313 1005 2342 ,
1032 2279 1169 2328 usu
1208 2254 1349 2328 iam
1386 2252 1655 2350 pridem
1677 2261 2003 2352 expertus
2030 2254 2137 2326 es!
2170 2295 2265 2310 -
2292 2278 2375 2326 ex
2408 2252 2794 2352 praeteritis
2823 2252 3062 2327 futura
3087 2253 3414 2351 augurari
3445 2253 3602 2328 licet
3623 2311 3642 2341 ‚

586 2375 647 2450 si
686 2374 873 2448 idem
918 2373 1089 2448 velle
1136 2381 1349 2472 atque
1397 2372 1582 2446 idem
1628 2373 1811 2447 nolle
1860 2373 2202 2472 optimum
2250 2371 2658 2446 concordiae
2685 2381 2790 2447 est
2812 2372 3072 2470 pignus
3091 2430 3112 2461 ,
3142 2374 3200 2447 si
3228 2373 3413 2447 idem
3443 2372 3646 2447 nobis

588 2501 691 2568 est
728 2493 1099 2568 consilium
1140 2493 1524 2590 eademque
1562 2493 1881 2568 voluntas
1904 2553 1923 2582 ‚
1960 2492 2396 2566 iuventutem
2423 2492 2513 2567 ad
2535 2517 2776 2566 omnes
2805 2493 3020 2568 bonas
3051 2501 3232 2567 artes
3257 2493 3645 2581 incitando,

588 2613 1000 2688 Academiae
1036 2613 1327 2712 gloriam
1364 2612 1544 2687 tueri
1580 2619 1652 2686 et
1686 2614 2144 2712 amplificare,
2196 2613 2434 2686 nullus
2474 2611 2722 2686 dubito
2742 2671 2762 2700 ,
2811 2613 2984 2710 quin
3032 2613 3222 2687 nulla
3267 2638 3352 2688 ne
3397 2613 3646 2687 umbra

588 2731 867 2830 quidem
918 2731 1293 2806 simultatis
1330 2732 1515 2806 inter
1558 2755 1687 2806 nos
1728 2733 2023 2822 oritura,
2074 2733 2198 2808 sed
2240 2741 2580 2832 perpetua
2621 2756 2748 2806 nos
2792 2732 3118 2807 iunctura
3179 2733 3270 2808 sit
3319 2733 3642 2808 amicitia.

674 2971 935 3049 Tecum
954 3030 975 3061 ,
1024 2969 1134 3045 cl.
1198 2993 1468 3060 cosam,
1530 2971 1706 3053 mihi
1756 2979 1827 3045 et
1868 2981 2067 3046 vetus
2114 2979 2186 3045 et
2238 2994 2494 3071 magua
2546 2968 2846 3045 amicitia
2892 2977 3022 3044 est.
3121 2969 3396 3071 Viginti
3439 2969 3643 3071 quin-

584 3116 719 3189 que
758 3100 932 3167 sunt
978 3091 1185 3181 anni,
1252 3116 1339 3165 ex
1394 3116 1535 3191 quo
1587 3092 1801 3167 literis
1852 3092 2379 3167 humanioribus
2428 3116 2708 3189 operam
2757 3090 3002 3165 dantes
3050 3091 3126 3165 in
3177 3092 3426 3165 iisdem
3475 3089 3640 3167 sub,-

584 3212 785 3287 seniis
862 3212 1177 3287 sedimus
1240 3212 1448 3287 vicini
1466 3270 1487 3302 ‚
1556 3215 1799 3289 sedulo
1854 3222 1925 3289 et
1974 3214 2285 3312 quotidie
2322 3214 2466 3287 fere
2509 3212 3006 3311 respondentes
3059 3213 3153 3287 ad
3203 3212 3642 3311 quaestiones
3707 3238 3718 3249 ·

580 3358 747 3431 quas
816 3334 927 3409 cl.
1002 3355 1569 3410 rnnamsmrms
1646 3358 2025 3434 proponere
2088 3334 2378 3409 solebat.
2479 3334 2713 3407 Multa
2783 3333 2872 3407 ab
2943 3358 3026 3407 eo
3095 3332 3262 3406 inde
3330 3342 3639 3431 tempore

580 3452 749 3527 circa
818 3478 973 3527 nos·
1020 3462 1295 3528 mutata
1366 3462 1575 3543 sunt;
1650 3456 1843 3553 quod
1905 3455 2095 3531 idem
2156 3454 2450 3542 mansit,
2514 3463 2624 3527 est
2677 3453 3044 3553 singularis
3102 3478 3299 3527 meus
3351 3478 3518 3552 erga
3567 3460 3638 3527 te

580 3596 763 3647 amor
783 3632 803 3661 ,
872 3598 1151 3649 summa
1220 3575 1486 3675 ingenii
1555 3575 1657 3653 tui
1728 3575 2116 3649 admiratio.
2220 3574 2837 3673 Quemadmodum
2908 3573 3123 3671 igitur
3194 3598 3354 3647 cum
3426 3574 3638 3648 huius

578 3690 993 3767 Academiae
1072 3719 1225 3769 eras
1292 3696 1659 3784 alumnus,
1732 3704 1857 3769 tua
1928 3720 2056 3770 nos
2130 3704 2412 3795 tropaea
2483 3720 2522 3768 e
2585 3720 2828 3769 somno
2887 3693 3321 3783 excitabant,
3396 3695 3494 3769 sic
3563 3703 3636 3769 et

576 3834 757 3887 nunc
818 3822 1025 3888 tuum
1096 3814 1273 3888 mihi
1340 3815 1743 3915 exemplum
1816 3814 1909 3889 ob
1978 3815 2215 3891 oculos
2281 3840 2582 3915 ponens,
2647 3813 2904 3889 imitari
2961 3814 3262 3905 conabor
3312 3822 3510 3897 tuam
3561 3816 3636 3888 in

580 3928 887 4007 docendo
968 3934 1395 4012 alacritatam
1416 3992 1437 4022 ‚
1508 3958 1675 4033 erga
1746 3934 2127 4035 dbcipulos
2194 3934 2744 4011 benevolentiam
2764 3994 2783 4024 ,
2859 3936 2932 4009 in
3008 3936 3094 4009 iis
3139 3935 3634 4010 diiudicandis

579 4054 1029 4127 constantiam
1090 4062 1161 4128 et
1226 4053 1815 4154 aequabilitatem.
1918 4056 2013 4129 Et
2086 4056 2405 4154 quamvis
2465 4056 2644 4133 mihi·
2694 4056 2831 4157 ipsi
2883 4080 3024 4131 non
3070 4055 3426 4145 blandior,
3480 4080 3631 4131 um·

508 4258 517 4267 ,
580 4192 786 4267 quam
834 4197 947 4247 me
988 4173 1333 4273 attingere
1374 4200 1579 4275 posse
1618 4174 1735 4264 id,
1784 4174 1877 4249 ad
1914 4176 2103 4274 quod
2136 4186 2220 4251 tu
2253 4178 2394 4253 iam
2434 4178 2705 4276 pridem
2745 4177 3118 4277 pervenisti
3151 4177 3508 4277 fastigium
3535 4220 3636 4241 --

578 4312 715 4365 non
762 4293 985 4381 enim,
1039 4302 1121 4368 ut
1158 4318 1321 4369 cum
1366 4298 1633 4371 Graeco
1678 4297 2110 4373 Graecissem
2128 4356 2149 4387 ,
2188 4302 2484 4385 παντὸς
2535 4296 2828 4398 ἀνδρὸς
2879 4298 2962 4385 εἷς
3007 4304 3410 4398 Κόρινθον
3455 4296 3632 4373 ἔσθ’

580 4411 623 4487 ὁ
682 4412 918 4501 πλοῦς
975 4458 1074 4473 -
1134 4416 1345 4493 altius
1409 4424 1682 4506 tamen,
1758 4424 1841 4492 ut
1894 4419 1995 4492 ait
2059 4442 2668 4508 aurucmmmus,
2731 4418 3026 4507 ibimus,
3085 4418 3148 4492 si
3207 4416 3298 4492 ad
3355 4442 3630 4493 summa

579 4533 859 4629 quaevis
900 4533 1241 4625 nitemur,
1292 4561 1503 4636 quam
1554 4539 1615 4611 si
1660 4538 1979 4638 protinus
2022 4540 2204 4614 circa
2252 4540 2393 4615 ima
2443 4539 2982 4614 substiterimus.

672 4655 908 4732 Quam
932 4658 1080 4730 'tua
1128 4658 1516 4755 praesentia
1564 4684 1679 4733 me
1726 4658 2058 4748 delectet,
2120 4659 2472 4734 carissime
2522 4660 2941 4734 orzoounnl
2993 4656 3202 4731 etiam
3253 4657 3318 4730 si
3363 4663 3630 4731 taceam

578 4774 853 4849 sentias.
952 4776 1039 4849 In
1090 4776 1237 4851 hoc·
1260 4778 1413 4878 ipso
1460 4778 1803 4855 auditorio
1842 4778 2051 4855 tibi-a
2088 4780 2299 4855 latere
2336 4780 2442 4854 fui
2462 4838 2484 4868 ,
2535 4804 2694 4855 cum
2735 4803 2990 4877 magna
3027 4777 3346 4853 adstante
3379 4798 3630 4851 corona

3241 4895 3341 4969 gs
