<?xml version="1.0" encoding="UTF-8"?>
<!DOCTYPE html PUBLIC "-//W3C//DTD XHTML 1.0 Transitional//EN"
    "http://www.w3.org/TR/xhtml1/DTD/xhtml1-transitional.dtd">
<html xmlns="http://www.w3.org/1999/xhtml" xml:lang="en" lang="en">
 <head>
  <title>
</title>
<meta http-equiv="Content-Type" content="text/html;charset=utf-8" />
  <meta name='ocr-system' content='tesseract 3.04.00' />
  <meta name='ocr-capabilities' content='ocr_page ocr_carea ocr_par ocr_line ocrx_word'/>
</head>
<body>
  <div class='ocr_page' id='page_1' title='image "annalesacademic01confgoog_0435.png"; bbox 0 0 4730 6049; ppageno 0'>
   <div class='ocr_carea' id='block_1_1' title="bbox 1799 681 2829 753">
    <p class='ocr_par' dir='ltr' id='par_1_1' title="bbox 1799 681 2829 753">
     <span class='ocr_line' id='line_1_1' title="bbox 1799 681 2829 753; baseline 0 -1"><span class='ocrx_word' id='word_1_1' title='bbox 1799 684 2097 753; x_wconf 87' lang='lat' dir='ltr'>ORDO</span> <span class='ocrx_word' id='word_1_2' title='bbox 2163 681 2829 753; x_wconf 71' lang='lat' dir='ltr'><strong>LEGTIONUM.</strong></span> 
     </span>
    </p>
   </div>
   <div class='ocr_carea' id='block_1_2' title="bbox 787 890 3448 1116">
    <p class='ocr_par' dir='ltr' id='par_1_2' title="bbox 787 890 3448 1116">
     <span class='ocr_line' id='line_1_2' title="bbox 787 890 3448 981; baseline -0.004 -4"><span class='ocrx_word' id='word_1_3' title='bbox 787 922 840 978; x_wconf 88' lang='lat'>1.</span> <span class='ocrx_word' id='word_1_4' title='bbox 885 918 1244 975; x_wconf 69' lang='lat' dir='ltr'>numana</span> <span class='ocrx_word' id='word_1_5' title='bbox 1287 916 1436 970; x_wconf 69' lang='lat' dir='ltr'>vm</span> <span class='ocrx_word' id='word_1_6' title='bbox 1485 916 1708 973; x_wconf 72' lang='lat' dir='ltr'>&#39;rwrs&#39;r</span> <span class='ocrx_word' id='word_1_7' title='bbox 1727 952 1748 981; x_wconf 91' lang='lat'>,</span> <span class='ocrx_word' id='word_1_8' title='bbox 1797 894 1953 970; x_wconf 68' lang='lat' dir='ltr'>Iar.</span> <span class='ocrx_word' id='word_1_9' title='bbox 2006 893 2204 969; x_wconf 80' lang='lat' dir='ltr'>Rom.</span> <span class='ocrx_word' id='word_1_10' title='bbox 2253 900 2325 968; x_wconf 77' lang='lat' dir='ltr'>et</span> <span class='ocrx_word' id='word_1_11' title='bbox 2372 890 2718 969; x_wconf 78' lang='lat' dir='ltr'>Hodierni</span> <span class='ocrx_word' id='word_1_12' title='bbox 2761 893 2961 971; x_wconf 78' lang='lat' dir='ltr'>Doct.</span> <span class='ocrx_word' id='word_1_13' title='bbox 2982 949 3005 981; x_wconf 88' lang='lat'>,</span> <span class='ocrx_word' id='word_1_14' title='bbox 3052 890 3208 970; x_wconf 69' lang='lat' dir='ltr'>Iar.</span> <span class='ocrx_word' id='word_1_15' title='bbox 3267 890 3448 967; x_wconf 79' lang='lat' dir='ltr'>Pro-</span> 
     </span>
     <span class='ocr_line' id='line_1_3' title="bbox 863 1012 3446 1116; baseline -0.004 -19"><span class='ocrx_word' id='word_1_16' title='bbox 863 1022 1106 1116; x_wconf 71' lang='lat' dir='ltr'>fessor</span> <span class='ocrx_word' id='word_1_17' title='bbox 1123 1076 1146 1107; x_wconf 89' lang='lat'>,</span> <span class='ocrx_word' id='word_1_18' title='bbox 1195 1016 1684 1092; x_wconf 85' lang='lat' dir='ltr'>Institutiones</span> <span class='ocrx_word' id='word_1_19' title='bbox 1725 1014 2191 1091; x_wconf 83' lang='lat' dir='ltr'>Iustinianeas</span> <span class='ocrx_word' id='word_1_20' title='bbox 2225 1012 2601 1114; x_wconf 79' lang='lat' dir='ltr'>explicabit</span> <span class='ocrx_word' id='word_1_21' title='bbox 2642 1012 2891 1089; x_wconf 85' lang='lat' dir='ltr'>diebus</span> <span class='ocrx_word' id='word_1_22' title='bbox 2931 1012 3177 1089; x_wconf 90' lang='lat' dir='ltr'>Lunae</span> <span class='ocrx_word' id='word_1_23' title='bbox 3193 1070 3215 1101; x_wconf 95' lang='lat'>,</span> <span class='ocrx_word' id='word_1_24' title='bbox 3254 1012 3446 1087; x_wconf 86' lang='lat' dir='ltr'>Mar-</span> 
     </span>
    </p>
   </div>
   <div class='ocr_carea' id='block_1_3' title="bbox 885 1133 3465 2292">
    <p class='ocr_par' dir='ltr' id='par_1_3' title="bbox 885 1133 3465 2292">
     <span class='ocr_line' id='line_1_4' title="bbox 885 1133 3452 1228; baseline -0.002 -13"><span class='ocrx_word' id='word_1_25' title='bbox 885 1139 1022 1228; x_wconf 87' lang='lat' dir='ltr'>tis,</span> <span class='ocrx_word' id='word_1_26' title='bbox 1069 1135 1402 1213; x_wconf 81' lang='lat' dir='ltr'><strong>Mercurii</strong></span> <span class='ocrx_word' id='word_1_27' title='bbox 1447 1142 1520 1211; x_wconf 89' lang='lat' dir='ltr'>et</span> <span class='ocrx_word' id='word_1_28' title='bbox 1567 1133 1794 1224; x_wconf 83' lang='lat' dir='ltr'>Iovis,</span> <span class='ocrx_word' id='word_1_29' title='bbox 1841 1135 2010 1211; x_wconf 86' lang='lat' dir='ltr'>hora</span> <span class='ocrx_word' id='word_1_30' title='bbox 2077 1193 2096 1211; x_wconf 89' lang='lat'><strong>.</strong></span> <span class='ocrx_word' id='word_1_31' title='bbox 2169 1193 2188 1211; x_wconf 90' lang='lat'>.</span> <span class='ocrx_word' id='word_1_32' title='bbox 2261 1188 3452 1211; x_wconf 92' lang='grc'><strong>.................</strong></span> 
     </span>
     <span class='ocr_line' id='line_1_5' title="bbox 980 1252 3451 1343; baseline -0.004 -8"><span class='ocrx_word' id='word_1_33' title='bbox 980 1255 1369 1335; x_wconf 82' lang='lat' dir='ltr'><strong>Historiam</strong></span> <span class='ocrx_word' id='word_1_34' title='bbox 1427 1254 1612 1331; x_wconf 89' lang='lat' dir='ltr'>Iuris</span> <span class='ocrx_word' id='word_1_35' title='bbox 1659 1254 1961 1330; x_wconf 84' lang='lat' dir='ltr'>Romani</span> <span class='ocrx_word' id='word_1_36' title='bbox 2009 1255 2238 1331; x_wconf 86' lang='lat' dir='ltr'>tradet</span> <span class='ocrx_word' id='word_1_37' title='bbox 2290 1252 2542 1329; x_wconf 87' lang='lat' dir='ltr'>diebus</span> <span class='ocrx_word' id='word_1_38' title='bbox 2593 1252 2837 1329; x_wconf 89' lang='lat' dir='ltr'>Lunae</span> <span class='ocrx_word' id='word_1_39' title='bbox 2852 1312 2874 1343; x_wconf 97' lang='lat'>,</span> <span class='ocrx_word' id='word_1_40' title='bbox 2923 1253 3175 1329; x_wconf 86' lang='lat' dir='ltr'>Martis</span> <span class='ocrx_word' id='word_1_41' title='bbox 3192 1310 3213 1343; x_wconf 90' lang='lat'>,</span> <span class='ocrx_word' id='word_1_42' title='bbox 3263 1252 3451 1327; x_wconf 84' lang='lat' dir='ltr'>Mer-</span> 
     </span>
     <span class='ocr_line' id='line_1_6' title="bbox 1079 1374 3453 1463; baseline -0.001 -10"><span class='ocrx_word' id='word_1_43' title='bbox 1079 1376 1256 1453; x_wconf 82' lang='lat' dir='ltr'>curii</span> <span class='ocrx_word' id='word_1_44' title='bbox 1301 1384 1376 1451; x_wconf 89' lang='lat' dir='ltr'>et</span> <span class='ocrx_word' id='word_1_45' title='bbox 1421 1375 1610 1449; x_wconf 83' lang='lat' dir='ltr'>Iovis</span> <span class='ocrx_word' id='word_1_46' title='bbox 1628 1432 1650 1463; x_wconf 91' lang='lat'>‚</span> <span class='ocrx_word' id='word_1_47' title='bbox 1700 1374 1870 1449; x_wconf 89' lang='lat' dir='ltr'>hora</span> <span class='ocrx_word' id='word_1_48' title='bbox 1901 1429 3453 1453; x_wconf 91' lang='grc'><strong>......................</strong></span> 
     </span>
     <span class='ocr_line' id='line_1_7' title="bbox 983 1492 3448 1596; baseline -0.001 -23"><span class='ocrx_word' id='word_1_49' title='bbox 983 1494 1603 1596; x_wconf 83' lang='lat' dir='ltr'>Encyclopaediam</span> <span class='ocrx_word' id='word_1_50' title='bbox 1649 1492 1821 1569; x_wconf 88' lang='lat' dir='ltr'>iuris</span> <span class='ocrx_word' id='word_1_51' title='bbox 1865 1492 2142 1569; x_wconf 91' lang='lat' dir='ltr'>docebit</span> <span class='ocrx_word' id='word_1_52' title='bbox 2187 1492 2439 1569; x_wconf 89' lang='lat' dir='ltr'>diebus</span> <span class='ocrx_word' id='word_1_53' title='bbox 2491 1493 2735 1570; x_wconf 90' lang='lat' dir='ltr'>Lunae</span> <span class='ocrx_word' id='word_1_54' title='bbox 2782 1501 2854 1569; x_wconf 92' lang='lat' dir='ltr'>et</span> <span class='ocrx_word' id='word_1_55' title='bbox 2897 1493 3121 1583; x_wconf 86' lang='lat' dir='ltr'>Iovis,</span> <span class='ocrx_word' id='word_1_56' title='bbox 3170 1492 3339 1570; x_wconf 90' lang='lat' dir='ltr'>hora</span> <span class='ocrx_word' id='word_1_57' title='bbox 3366 1551 3385 1571; x_wconf 91' lang='lat'><strong><em>.</em></strong></span> <span class='ocrx_word' id='word_1_58' title='bbox 3429 1551 3448 1571; x_wconf 90' lang='lat'><strong>.</strong></span> 
     </span>
     <span class='ocr_line' id='line_1_8' title="bbox 973 1612 3441 1713; baseline -0.001 -19"><span class='ocrx_word' id='word_1_59' title='bbox 973 1620 1101 1694; x_wconf 84' lang='lat' dir='ltr'>Ius</span> <span class='ocrx_word' id='word_1_60' title='bbox 1154 1614 1468 1691; x_wconf 78' lang='lat' dir='ltr'><strong>Naturae</strong></span> <span class='ocrx_word' id='word_1_61' title='bbox 1509 1620 1810 1713; x_wconf 81' lang='lat' dir='ltr'><strong>exponet</strong></span> <span class='ocrx_word' id='word_1_62' title='bbox 1852 1612 2104 1689; x_wconf 86' lang='lat' dir='ltr'>diebus</span> <span class='ocrx_word' id='word_1_63' title='bbox 2153 1612 2407 1689; x_wconf 88' lang='lat' dir='ltr'>Martis</span> <span class='ocrx_word' id='word_1_64' title='bbox 2428 1672 2449 1704; x_wconf 88' lang='lat'>‚</span> <span class='ocrx_word' id='word_1_65' title='bbox 2500 1612 2669 1689; x_wconf 92' lang='lat' dir='ltr'>hora</span> <span class='ocrx_word' id='word_1_66' title='bbox 2742 1670 2763 1691; x_wconf 91' lang='lat'><strong>.</strong></span> <span class='ocrx_word' id='word_1_67' title='bbox 2840 1670 3441 1691; x_wconf 91' lang='grc'><strong>.........</strong></span> 
     </span>
     <span class='ocr_line' id='line_1_9' title="bbox 1175 1732 3447 1821; baseline -0.001 -8"><span class='ocrx_word' id='word_1_68' title='bbox 1175 1743 1250 1813; x_wconf 84' lang='lat' dir='ltr'>et</span> <span class='ocrx_word' id='word_1_69' title='bbox 1292 1734 1584 1809; x_wconf 88' lang='lat' dir='ltr'>Veneris</span> <span class='ocrx_word' id='word_1_70' title='bbox 1601 1792 1622 1821; x_wconf 97' lang='lat'>,</span> <span class='ocrx_word' id='word_1_71' title='bbox 1671 1732 1840 1808; x_wconf 87' lang='lat' dir='ltr'>hora</span> <span class='ocrx_word' id='word_1_72' title='bbox 1891 1790 3447 1811; x_wconf 89' lang='grc'><strong>......................</strong></span> 
     </span>
     <span class='ocr_line' id='line_1_10' title="bbox 979 1851 3463 1953; baseline -0.001 -20"><span class='ocrx_word' id='word_1_73' title='bbox 979 1855 1442 1933; x_wconf 90' lang='lat' dir='ltr'>Oeconomiae</span> <span class='ocrx_word' id='word_1_74' title='bbox 1501 1852 1818 1953; x_wconf 79' lang='lat' dir='ltr'>politicae</span> <span class='ocrx_word' id='word_1_75' title='bbox 1883 1851 2224 1953; x_wconf 87' lang='lat' dir='ltr'>principia</span> <span class='ocrx_word' id='word_1_76' title='bbox 2273 1852 2505 1929; x_wconf 88' lang='lat' dir='ltr'>tradet</span> <span class='ocrx_word' id='word_1_77' title='bbox 2558 1853 2809 1929; x_wconf 86' lang='lat' dir='ltr'>diebus</span> <span class='ocrx_word' id='word_1_78' title='bbox 2851 1853 3097 1929; x_wconf 87' lang='lat' dir='ltr'>Lunae</span> <span class='ocrx_word' id='word_1_79' title='bbox 3150 1862 3223 1929; x_wconf 92' lang='lat' dir='ltr'>et</span> <span class='ocrx_word' id='word_1_80' title='bbox 3274 1854 3463 1931; x_wconf 89' lang='lat' dir='ltr'>Mer-</span> 
     </span>
     <span class='ocr_line' id='line_1_11' title="bbox 1071 1973 3459 2064; baseline 0 -12"><span class='ocrx_word' id='word_1_81' title='bbox 1071 1975 1248 2052; x_wconf 89' lang='lat' dir='ltr'>curii</span> <span class='ocrx_word' id='word_1_82' title='bbox 1266 2033 1287 2064; x_wconf 95' lang='lat'>,</span> <span class='ocrx_word' id='word_1_83' title='bbox 1338 1973 1506 2050; x_wconf 89' lang='lat' dir='ltr'>hora</span> <span class='ocrx_word' id='word_1_84' title='bbox 1535 2029 3459 2054; x_wconf 88' lang='grc'><strong>...........................</strong></span> 
     </span>
     <span class='ocr_line' id='line_1_12' title="bbox 984 2091 3465 2196; baseline 0.001 -25"><span class='ocrx_word' id='word_1_85' title='bbox 984 2096 1252 2172; x_wconf 90' lang='lat' dir='ltr'>Selecta</span> <span class='ocrx_word' id='word_1_86' title='bbox 1285 2093 1456 2168; x_wconf 88' lang='lat' dir='ltr'>iuris</span> <span class='ocrx_word' id='word_1_87' title='bbox 1489 2092 1880 2170; x_wconf 87' lang='lat' dir='ltr'>mercatorii</span> <span class='ocrx_word' id='word_1_88' title='bbox 1917 2093 2146 2194; x_wconf 89' lang='lat' dir='ltr'>capita</span> <span class='ocrx_word' id='word_1_89' title='bbox 2182 2100 2487 2194; x_wconf 82' lang='lat' dir='ltr'><strong>exponet</strong></span> <span class='ocrx_word' id='word_1_90' title='bbox 2522 2092 2691 2170; x_wconf 89' lang='lat' dir='ltr'>hora</span> <span class='ocrx_word' id='word_1_91' title='bbox 2724 2091 3161 2171; x_wconf 77' lang='lat' dir='ltr'>auditoribus</span> <span class='ocrx_word' id='word_1_92' title='bbox 3190 2094 3465 2196; x_wconf 82' lang='lat' dir='ltr'>sibique</span> 
     </span>
     <span class='ocr_line' id='line_1_13' title="bbox 1079 2214 1468 2292; baseline -0.013 -1"><span class='ocrx_word' id='word_1_93' title='bbox 1079 2214 1468 2292; x_wconf 86' lang='lat' dir='ltr'>commoda.</span> 
     </span>
    </p>
   </div>
   <div class='ocr_carea' id='block_1_4' title="bbox 795 2317 3473 2902">
    <p class='ocr_par' dir='ltr' id='par_1_4' title="bbox 795 2317 3473 2664">
     <span class='ocr_line' id='line_1_14' title="bbox 795 2317 3473 2433; baseline -0.001 -20"><span class='ocrx_word' id='word_1_94' title='bbox 795 2360 876 2413; x_wconf 70' lang='grc' dir='ltr'>κ.</span> <span class='ocrx_word' id='word_1_95' title='bbox 944 2360 996 2413; x_wconf 90' lang='lat'>1.</span> <span class='ocrx_word' id='word_1_96' title='bbox 1059 2360 1200 2411; x_wconf 82' lang='lat' dir='ltr'>cor</span> <span class='ocrx_word' id='word_1_97' title='bbox 1217 2395 1239 2426; x_wconf 97' lang='lat'>,</span> <span class='ocrx_word' id='word_1_98' title='bbox 1303 2317 1536 2409; x_wconf 68' lang='lat' dir='ltr'>Maia.</span> <span class='ocrx_word' id='word_1_99' title='bbox 1601 2335 1803 2433; x_wconf 67' lang='lat' dir='ltr'>May.</span> <span class='ocrx_word' id='word_1_100' title='bbox 1867 2333 2060 2408; x_wconf 70' lang='lat' dir='ltr'>Phil.</span> <span class='ocrx_word' id='word_1_101' title='bbox 2131 2333 2302 2411; x_wconf 81' lang='lat' dir='ltr'>Nat.</span> <span class='ocrx_word' id='word_1_102' title='bbox 2370 2334 2571 2409; x_wconf 81' lang='lat' dir='ltr'>Doct.</span> <span class='ocrx_word' id='word_1_103' title='bbox 2594 2392 2615 2424; x_wconf 92' lang='lat'>,</span> <span class='ocrx_word' id='word_1_104' title='bbox 2688 2334 3004 2413; x_wconf 73' lang='lat' dir='ltr'>Che-miae</span> <span class='ocrx_word' id='word_1_105' title='bbox 3062 2336 3434 2431; x_wconf 72' lang='lat' dir='ltr'>Professor</span> <span class='ocrx_word' id='word_1_106' title='bbox 3450 2394 3473 2429; x_wconf 92' lang='lat'>,</span> 
     </span>
     <span class='ocr_line' id='line_1_15' title="bbox 889 2452 3471 2553; baseline 0.001 -22"><span class='ocrx_word' id='word_1_107' title='bbox 889 2454 1256 2531; x_wconf 86' lang='lat' dir='ltr'>Chemiam</span> <span class='ocrx_word' id='word_1_108' title='bbox 1300 2478 1666 2553; x_wconf 86' lang='lat' dir='ltr'>corporum</span> <span class='ocrx_word' id='word_1_109' title='bbox 1711 2452 2289 2552; x_wconf 84' lang='lat' dir='ltr'>anorganicorum</span> <span class='ocrx_word' id='word_1_110' title='bbox 2317 2452 2596 2528; x_wconf 82' lang='lat' dir='ltr'>docebit</span> <span class='ocrx_word' id='word_1_111' title='bbox 2625 2453 2875 2529; x_wconf 87' lang='lat' dir='ltr'>diebus</span> <span class='ocrx_word' id='word_1_112' title='bbox 2905 2456 3149 2531; x_wconf 87' lang='lat' dir='ltr'>Lunae</span> <span class='ocrx_word' id='word_1_113' title='bbox 3167 2512 3189 2546; x_wconf 94' lang='lat'>,</span> <span class='ocrx_word' id='word_1_114' title='bbox 3219 2455 3471 2533; x_wconf 85' lang='lat' dir='ltr'>Martis</span> 
     </span>
     <span class='ocr_line' id='line_1_16' title="bbox 886 2573 3468 2664; baseline 0.002 -13"><span class='ocrx_word' id='word_1_115' title='bbox 886 2582 959 2651; x_wconf 85' lang='lat' dir='ltr'>et</span> <span class='ocrx_word' id='word_1_116' title='bbox 1005 2574 1190 2650; x_wconf 84' lang='lat' dir='ltr'>Iovis</span> <span class='ocrx_word' id='word_1_117' title='bbox 1209 2633 1231 2664; x_wconf 98' lang='lat'>,</span> <span class='ocrx_word' id='word_1_118' title='bbox 1299 2573 1470 2649; x_wconf 88' lang='lat' dir='ltr'>hora</span> <span class='ocrx_word' id='word_1_119' title='bbox 1550 2628 3468 2656; x_wconf 89' lang='grc'><strong>...........................</strong></span> 
     </span>
    </p>

    <p class='ocr_par' dir='ltr' id='par_1_5' title="bbox 987 2691 3473 2894">
     <span class='ocr_line' id='line_1_17' title="bbox 987 2691 3473 2793; baseline 0.001 -23"><span class='ocrx_word' id='word_1_120' title='bbox 987 2694 1353 2770; x_wconf 85' lang='lat' dir='ltr'>Chemiam</span> <span class='ocrx_word' id='word_1_121' title='bbox 1415 2716 1780 2793; x_wconf 89' lang='lat' dir='ltr'>corporum</span> <span class='ocrx_word' id='word_1_122' title='bbox 1839 2691 2323 2792; x_wconf 81' lang='lat' dir='ltr'>organicorum</span> <span class='ocrx_word' id='word_1_123' title='bbox 2368 2692 2597 2769; x_wconf 87' lang='lat' dir='ltr'>tradet</span> <span class='ocrx_word' id='word_1_124' title='bbox 2640 2693 2892 2769; x_wconf 89' lang='lat' dir='ltr'>diebus</span> <span class='ocrx_word' id='word_1_125' title='bbox 2939 2694 3193 2771; x_wconf 86' lang='lat' dir='ltr'>Martis</span> <span class='ocrx_word' id='word_1_126' title='bbox 3211 2753 3232 2787; x_wconf 96' lang='lat'>,</span> <span class='ocrx_word' id='word_1_127' title='bbox 3281 2696 3473 2772; x_wconf 90' lang='lat' dir='ltr'>Mer-</span> 
     </span>
     <span class='ocr_line' id='line_1_18' title="bbox 1081 2812 3470 2902; baseline 0.002 -12"><span class='ocrx_word' id='word_1_128' title='bbox 1081 2812 1256 2890; x_wconf 90' lang='lat' dir='ltr'>curii</span> <span class='ocrx_word' id='word_1_129' title='bbox 1303 2823 1377 2889; x_wconf 91' lang='lat' dir='ltr'>et</span> <span class='ocrx_word' id='word_1_130' title='bbox 1423 2813 1650 2902; x_wconf 83' lang='lat' dir='ltr'>Iovis,</span> <span class='ocrx_word' id='word_1_131' title='bbox 1702 2814 1871 2889; x_wconf 85' lang='lat' dir='ltr'>hora</span> <span class='ocrx_word' id='word_1_132' title='bbox 1908 2870 3470 2894; x_wconf 91' lang='grc'><strong>......................</strong></span> 
     </span>
    </p>
   </div>
   <div class='ocr_carea' id='block_1_5' title="bbox 982 2932 3473 3275">
    <p class='ocr_par' dir='ltr' id='par_1_6' title="bbox 982 2932 3473 3275">
     <span class='ocr_line' id='line_1_19' title="bbox 983 2932 3473 3034; baseline 0.001 -23"><span class='ocrx_word' id='word_1_133' title='bbox 983 2936 1096 3011; x_wconf 89' lang='lat' dir='ltr'>De</span> <span class='ocrx_word' id='word_1_134' title='bbox 1151 2942 1298 3010; x_wconf 86' lang='lat' dir='ltr'>arte</span> <span class='ocrx_word' id='word_1_135' title='bbox 1342 2934 1900 3034; x_wconf 88' lang='lat' dir='ltr'>pharmaceutica</span> <span class='ocrx_word' id='word_1_136' title='bbox 1948 2932 2240 3027; x_wconf 82' lang='lat' dir='ltr'>disseret</span> <span class='ocrx_word' id='word_1_137' title='bbox 2284 2934 2401 3009; x_wconf 90' lang='lat' dir='ltr'>die</span> <span class='ocrx_word' id='word_1_138' title='bbox 2445 2934 2737 3026; x_wconf 88' lang='lat' dir='ltr'>Lunae,</span> <span class='ocrx_word' id='word_1_139' title='bbox 2789 2933 2967 3011; x_wconf 91' lang='lat' dir='ltr'>hora</span> <span class='ocrx_word' id='word_1_140' title='bbox 3016 2993 3473 3013; x_wconf 93' lang='grc'><strong>.......</strong></span> 
     </span>
     <span class='ocr_line' id='line_1_20' title="bbox 1177 3056 3470 3145; baseline 0 -13"><span class='ocrx_word' id='word_1_141' title='bbox 1177 3063 1252 3132; x_wconf 87' lang='lat' dir='ltr'>et</span> <span class='ocrx_word' id='word_1_142' title='bbox 1297 3056 1670 3145; x_wconf 88' lang='lat' dir='ltr'>Mercurii,</span> <span class='ocrx_word' id='word_1_143' title='bbox 1719 3056 1888 3132; x_wconf 91' lang='lat' dir='ltr'>hora</span> <span class='ocrx_word' id='word_1_144' title='bbox 1913 3110 3470 3138; x_wconf 89' lang='grc'><strong>......................</strong></span> 
     </span>
     <span class='ocr_line' id='line_1_21' title="bbox 982 3174 3472 3275; baseline 0.002 -25"><span class='ocrx_word' id='word_1_145' title='bbox 982 3174 1518 3275; x_wconf 81' lang='lat' dir='ltr'>Technologiam</span> <span class='ocrx_word' id='word_1_146' title='bbox 1563 3175 1947 3254; x_wconf 90' lang='lat' dir='ltr'>chemicam</span> <span class='ocrx_word' id='word_1_147' title='bbox 1994 3175 2360 3266; x_wconf 75' lang='lat' dir='ltr'>tractabit,</span> <span class='ocrx_word' id='word_1_148' title='bbox 2400 3175 2649 3253; x_wconf 86' lang='lat' dir='ltr'>diebus</span> <span class='ocrx_word' id='word_1_149' title='bbox 2690 3184 2762 3252; x_wconf 90' lang='lat' dir='ltr'>et</span> <span class='ocrx_word' id='word_1_150' title='bbox 2807 3176 2993 3254; x_wconf 89' lang='lat' dir='ltr'>horis</span> <span class='ocrx_word' id='word_1_151' title='bbox 3032 3175 3472 3256; x_wconf 86' lang='lat' dir='ltr'>auditoribus</span> 
     </span>
    </p>
   </div>
   <div class='ocr_carea' id='block_1_6' title="bbox 1079 3295 1485 3372">
    <p class='ocr_par' dir='ltr' id='par_1_7' title="bbox 1079 3295 1485 3372">
     <span class='ocr_line' id='line_1_22' title="bbox 1079 3295 1485 3372; baseline 0 -2"><span class='ocrx_word' id='word_1_152' title='bbox 1079 3295 1485 3372; x_wconf 89' lang='lat' dir='ltr'>commodis.</span> 
     </span>
    </p>
   </div>
   <div class='ocr_carea' id='block_1_7' title="bbox 803 3414 3478 4832">
    <p class='ocr_par' dir='ltr' id='par_1_8' title="bbox 987 3414 3473 3634">
     <span class='ocr_line' id='line_1_23' title="bbox 987 3414 3473 3517; baseline 0.001 -26"><span class='ocrx_word' id='word_1_153' title='bbox 987 3414 1349 3491; x_wconf 86' lang='lat' dir='ltr'>Chemiam</span> <span class='ocrx_word' id='word_1_154' title='bbox 1419 3414 1961 3515; x_wconf 83' lang='lat' dir='ltr'>physiologicam</span> <span class='ocrx_word' id='word_1_155' title='bbox 2025 3423 2152 3492; x_wconf 90' lang='lat' dir='ltr'>aut</span> <span class='ocrx_word' id='word_1_156' title='bbox 2217 3415 2551 3493; x_wconf 86' lang='lat' dir='ltr'>Chemiae</span> <span class='ocrx_word' id='word_1_157' title='bbox 2604 3415 2897 3494; x_wconf 85' lang='lat' dir='ltr'>forensis</span> <span class='ocrx_word' id='word_1_158' title='bbox 2942 3416 3171 3517; x_wconf 85' lang='lat' dir='ltr'>capita</span> <span class='ocrx_word' id='word_1_159' title='bbox 3219 3416 3473 3494; x_wconf 83' lang='lat' dir='ltr'>selecta</span> 
     </span>
     <span class='ocr_line' id='line_1_24' title="bbox 1081 3535 1864 3634; baseline 0.004 -25"><span class='ocrx_word' id='word_1_160' title='bbox 1081 3535 1354 3610; x_wconf 86' lang='lat' dir='ltr'>tradere</span> <span class='ocrx_word' id='word_1_161' title='bbox 1401 3543 1687 3634; x_wconf 86' lang='lat' dir='ltr'>paratus</span> <span class='ocrx_word' id='word_1_162' title='bbox 1737 3542 1864 3613; x_wconf 84' lang='lat' dir='ltr'>est.</span> 
     </span>
    </p>

    <p class='ocr_par' dir='ltr' id='par_1_9' title="bbox 989 3653 3476 3877">
     <span class='ocr_line' id='line_1_25' title="bbox 989 3653 3476 3758; baseline 0.003 -30"><span class='ocrx_word' id='word_1_163' title='bbox 989 3653 1354 3729; x_wconf 85' lang='lat' dir='ltr'>Chemiam</span> <span class='ocrx_word' id='word_1_164' title='bbox 1398 3655 1812 3756; x_wconf 85' lang='lat' dir='ltr'>analyticam</span> <span class='ocrx_word' id='word_1_165' title='bbox 1855 3657 2113 3731; x_wconf 89' lang='lat' dir='ltr'>docens</span> <span class='ocrx_word' id='word_1_166' title='bbox 2158 3657 2473 3758; x_wconf 90' lang='lat' dir='ltr'>quotidie</span> <span class='ocrx_word' id='word_1_167' title='bbox 2518 3656 2841 3734; x_wconf 86' lang='lat' dir='ltr'>exercitia</span> <span class='ocrx_word' id='word_1_168' title='bbox 2886 3656 3363 3734; x_wconf 86' lang='lat' dir='ltr'>moderabitur</span> <span class='ocrx_word' id='word_1_169' title='bbox 3398 3657 3476 3735; x_wconf 91' lang='lat' dir='ltr'>in</span> 
     </span>
     <span class='ocr_line' id='line_1_26' title="bbox 1085 3773 3473 3877; baseline 0.003 -28"><span class='ocrx_word' id='word_1_170' title='bbox 1085 3773 1534 3865; x_wconf 87' lang='lat' dir='ltr'>laboratorio,</span> <span class='ocrx_word' id='word_1_171' title='bbox 1585 3774 1711 3850; x_wconf 88' lang='lat' dir='ltr'>ubi</span> <span class='ocrx_word' id='word_1_172' title='bbox 1756 3775 2276 3875; x_wconf 86' lang='lat' dir='ltr'>experientibus</span> <span class='ocrx_word' id='word_1_173' title='bbox 2321 3785 2596 3877; x_wconf 87' lang='lat' dir='ltr'>praesto</span> <span class='ocrx_word' id='word_1_174' title='bbox 2634 3777 2768 3854; x_wconf 89' lang='lat' dir='ltr'>erit</span> <span class='ocrx_word' id='word_1_175' title='bbox 2810 3802 2875 3854; x_wconf 85' lang='lat'>0.</span> <span class='ocrx_word' id='word_1_176' title='bbox 2922 3803 3170 3856; x_wconf 62' lang='lat' dir='ltr'>wama</span> <span class='ocrx_word' id='word_1_177' title='bbox 3213 3803 3291 3854; x_wconf 77' lang='grc' dir='ltr'>Η.</span> <span class='ocrx_word' id='word_1_178' title='bbox 3330 3798 3473 3856; x_wconf 76' lang='lat' dir='ltr'>rm.</span> 
     </span>
    </p>

    <p class='ocr_par' dir='ltr' id='par_1_10' title="bbox 989 3894 3473 4090">
     <span class='ocr_line' id='line_1_27' title="bbox 989 3894 3473 3999; baseline 0.002 -31"><span class='ocrx_word' id='word_1_179' title='bbox 989 3894 1505 3971; x_wconf 86' lang='lat' dir='ltr'>Provectiorum</span> <span class='ocrx_word' id='word_1_180' title='bbox 1587 3895 1948 3996; x_wconf 89' lang='lat' dir='ltr'>colloquiis</span> <span class='ocrx_word' id='word_1_181' title='bbox 2026 3897 2603 3997; x_wconf 86' lang='lat' dir='ltr'>pharmaceuticis</span> <span class='ocrx_word' id='word_1_182' title='bbox 2680 3896 2978 3999; x_wconf 88' lang='lat' dir='ltr'>praeerit</span> <span class='ocrx_word' id='word_1_183' title='bbox 3060 3897 3230 3975; x_wconf 90' lang='lat' dir='ltr'>hora</span> <span class='ocrx_word' id='word_1_184' title='bbox 3304 3898 3473 3976; x_wconf 87' lang='lat' dir='ltr'>dein</span> 
     </span>
     <span class='ocr_line' id='line_1_28' title="bbox 1087 4012 1599 4090; baseline 0.008 -4"><span class='ocrx_word' id='word_1_185' title='bbox 1087 4012 1599 4090; x_wconf 89' lang='lat' dir='ltr'>constituenda.</span> 
     </span>
    </p>

    <p class='ocr_par' dir='ltr' id='par_1_11' title="bbox 803 4136 3478 4580">
     <span class='ocr_line' id='line_1_29' title="bbox 803 4136 3477 4240; baseline 0.004 -36"><span class='ocrx_word' id='word_1_186' title='bbox 803 4153 854 4206; x_wconf 91' lang='lat'>1.</span> <span class='ocrx_word' id='word_1_187' title='bbox 912 4151 1062 4207; x_wconf 68' lang='lat' dir='ltr'>van</span> <span class='ocrx_word' id='word_1_188' title='bbox 1111 4156 1440 4224; x_wconf 64' lang='lat' dir='ltr'>vnormff,</span> <span class='ocrx_word' id='word_1_189' title='bbox 1510 4136 1740 4213; x_wconf 72' lang='lat' dir='ltr'>Theol.</span> <span class='ocrx_word' id='word_1_190' title='bbox 1790 4138 2035 4227; x_wconf 66' lang='lat' dir='ltr'>Doct„</span> <span class='ocrx_word' id='word_1_191' title='bbox 2087 4138 2264 4215; x_wconf 80' lang='lat' dir='ltr'>Litt.</span> <span class='ocrx_word' id='word_1_192' title='bbox 2317 4139 2519 4240; x_wconf 57' lang='lat' dir='ltr'>Begq.</span> <span class='ocrx_word' id='word_1_193' title='bbox 2573 4147 2646 4215; x_wconf 83' lang='lat' dir='ltr'>et</span> <span class='ocrx_word' id='word_1_194' title='bbox 2696 4139 2890 4215; x_wconf 69' lang='lat' dir='ltr'>Hiet.</span> <span class='ocrx_word' id='word_1_195' title='bbox 2945 4140 3247 4216; x_wconf 79' lang='lat' dir='ltr'>Patriae</span> <span class='ocrx_word' id='word_1_196' title='bbox 3295 4139 3477 4216; x_wconf 86' lang='lat' dir='ltr'>Pro-</span> 
     </span>
     <span class='ocr_line' id='line_1_30' title="bbox 879 4252 3478 4355; baseline 0.003 -29"><span class='ocrx_word' id='word_1_197' title='bbox 879 4253 1160 4347; x_wconf 58' lang='lat' dir='ltr'>fesaom</span> <span class='ocrx_word' id='word_1_198' title='bbox 1211 4252 1596 4330; x_wconf 89' lang='lat' dir='ltr'>Historiam</span> <span class='ocrx_word' id='word_1_199' title='bbox 1645 4257 1950 4355; x_wconf 85' lang='lat' dir='ltr'>patriae,</span> <span class='ocrx_word' id='word_1_200' title='bbox 1991 4259 2155 4335; x_wconf 89' lang='lat' dir='ltr'>inde</span> <span class='ocrx_word' id='word_1_201' title='bbox 2197 4258 2287 4335; x_wconf 88' lang='lat' dir='ltr'>ab</span> <span class='ocrx_word' id='word_1_202' title='bbox 2337 4284 2523 4336; x_wconf 88' lang='lat' dir='ltr'>anno</span> <span class='ocrx_word' id='word_1_203' title='bbox 2566 4263 2754 4338; x_wconf 83' lang='lat'>1747</span> <span class='ocrx_word' id='word_1_204' title='bbox 2800 4260 2893 4336; x_wconf 89' lang='lat' dir='ltr'>ad</span> <span class='ocrx_word' id='word_1_205' title='bbox 2934 4284 3201 4336; x_wconf 90' lang='lat' dir='ltr'>annum</span> <span class='ocrx_word' id='word_1_206' title='bbox 3244 4261 3478 4351; x_wconf 84' lang='lat'>1813,</span> 
     </span>
     <span class='ocr_line' id='line_1_31' title="bbox 897 4371 3474 4478; baseline 0.004 -33"><span class='ocrx_word' id='word_1_207' title='bbox 897 4377 970 4446; x_wconf 88' lang='lat' dir='ltr'>et</span> <span class='ocrx_word' id='word_1_208' title='bbox 1040 4371 1522 4450; x_wconf 88' lang='lat' dir='ltr'>institutorum</span> <span class='ocrx_word' id='word_1_209' title='bbox 1586 4376 1850 4474; x_wconf 85' lang='lat' dir='ltr'>patriae</span> <span class='ocrx_word' id='word_1_210' title='bbox 1917 4379 2356 4478; x_wconf 89' lang='lat' dir='ltr'>politicorum</span> <span class='ocrx_word' id='word_1_211' title='bbox 2424 4405 2561 4456; x_wconf 90' lang='lat' dir='ltr'>sec.</span> <span class='ocrx_word' id='word_1_212' title='bbox 2639 4380 2785 4455; x_wconf 89' lang='lat' dir='ltr'>VII</span> <span class='ocrx_word' id='word_1_213' title='bbox 2857 4380 2950 4456; x_wconf 88' lang='lat' dir='ltr'>ad</span> <span class='ocrx_word' id='word_1_214' title='bbox 3024 4379 3177 4456; x_wconf 92' lang='lat' dir='ltr'>XII</span> <span class='ocrx_word' id='word_1_215' title='bbox 3244 4379 3474 4456; x_wconf 83' lang='lat' dir='ltr'>tradet</span> 
     </span>
     <span class='ocr_line' id='line_1_32' title="bbox 902 4487 3476 4589; baseline 0.005 -24"><span class='ocrx_word' id='word_1_216' title='bbox 902 4487 1154 4566; x_wconf 85' lang='lat' dir='ltr'>diebus</span> <span class='ocrx_word' id='word_1_217' title='bbox 1207 4491 1489 4583; x_wconf 89' lang='lat' dir='ltr'>Lunae,</span> <span class='ocrx_word' id='word_1_218' title='bbox 1536 4495 1792 4571; x_wconf 88' lang='lat' dir='ltr'>Martis</span> <span class='ocrx_word' id='word_1_219' title='bbox 1841 4505 1913 4572; x_wconf 91' lang='lat' dir='ltr'>et</span> <span class='ocrx_word' id='word_1_220' title='bbox 1955 4499 2326 4589; x_wconf 90' lang='lat' dir='ltr'>Mercurii,</span> <span class='ocrx_word' id='word_1_221' title='bbox 2375 4498 2547 4575; x_wconf 87' lang='lat' dir='ltr'>hora</span> <span class='ocrx_word' id='word_1_222' title='bbox 2584 4559 2601 4576; x_wconf 91' lang='lat'><strong>.</strong></span> <span class='ocrx_word' id='word_1_223' title='bbox 2649 4559 2667 4576; x_wconf 93' lang='lat'><strong>.</strong></span> <span class='ocrx_word' id='word_1_224' title='bbox 2724 4559 2742 4577; x_wconf 91' lang='lat'><strong>.</strong></span> <span class='ocrx_word' id='word_1_225' title='bbox 2796 4557 2814 4576; x_wconf 89' lang='lat'><strong>.</strong></span> <span class='ocrx_word' id='word_1_226' title='bbox 2869 4557 2890 4576; x_wconf 91' lang='lat'><strong>.</strong></span> <span class='ocrx_word' id='word_1_227' title='bbox 2944 4557 2963 4576; x_wconf 89' lang='lat'><strong>.</strong></span> <span class='ocrx_word' id='word_1_228' title='bbox 3014 4526 3038 4580; x_wconf 85' lang='lat'>·.·</span> <span class='ocrx_word' id='word_1_229' title='bbox 3088 4555 3476 4578; x_wconf 93' lang='grc'><strong>......</strong></span> 
     </span>
    </p>

    <p class='ocr_par' dir='ltr' id='par_1_12' title="bbox 999 4612 3477 4832">
     <span class='ocr_line' id='line_1_33' title="bbox 999 4612 3475 4720; baseline 0.005 -36"><span class='ocrx_word' id='word_1_230' title='bbox 999 4612 1544 4688; x_wconf 87' lang='lat' dir='ltr'>Grammaticam</span> <span class='ocrx_word' id='word_1_231' title='bbox 1589 4621 1662 4688; x_wconf 89' lang='lat' dir='ltr'>et</span> <span class='ocrx_word' id='word_1_232' title='bbox 1707 4615 2006 4693; x_wconf 88' lang='lat' dir='ltr'>Litteras</span> <span class='ocrx_word' id='word_1_233' title='bbox 2049 4618 2543 4695; x_wconf 89' lang='lat' dir='ltr'>Neerlandicas</span> <span class='ocrx_word' id='word_1_234' title='bbox 2584 4628 2655 4695; x_wconf 90' lang='lat' dir='ltr'>et</span> <span class='ocrx_word' id='word_1_235' title='bbox 2698 4627 3064 4720; x_wconf 87' lang='lat' dir='ltr'>praecepta</span> <span class='ocrx_word' id='word_1_236' title='bbox 3112 4619 3254 4696; x_wconf 81' lang='lat' dir='ltr'>stili</span> <span class='ocrx_word' id='word_1_237' title='bbox 3290 4618 3475 4697; x_wconf 86' lang='lat' dir='ltr'>bene</span> 
     </span>
     <span class='ocr_line' id='line_1_34' title="bbox 1095 4731 3477 4832; baseline 0.006 -27"><span class='ocrx_word' id='word_1_238' title='bbox 1095 4731 1538 4808; x_wconf 90' lang='lat' dir='ltr'>Neerlandici</span> <span class='ocrx_word' id='word_1_239' title='bbox 1583 4735 1860 4810; x_wconf 86' lang='lat' dir='ltr'>docebit</span> <span class='ocrx_word' id='word_1_240' title='bbox 1902 4737 2152 4814; x_wconf 90' lang='lat' dir='ltr'>diebus</span> <span class='ocrx_word' id='word_1_241' title='bbox 2194 4739 2436 4815; x_wconf 88' lang='lat' dir='ltr'>Lunae</span> <span class='ocrx_word' id='word_1_242' title='bbox 2455 4798 2476 4830; x_wconf 88' lang='lat'>‚</span> <span class='ocrx_word' id='word_1_243' title='bbox 2516 4739 2769 4814; x_wconf 87' lang='lat' dir='ltr'>Martis</span> <span class='ocrx_word' id='word_1_244' title='bbox 2795 4748 2867 4815; x_wconf 90' lang='lat' dir='ltr'>et</span> <span class='ocrx_word' id='word_1_245' title='bbox 2893 4739 3261 4832; x_wconf 88' lang='lat' dir='ltr'>Mercurii,</span> <span class='ocrx_word' id='word_1_246' title='bbox 3306 4739 3477 4818; x_wconf 87' lang='lat' dir='ltr'>hora</span> 
     </span>
    </p>
   </div>
   <div class='ocr_carea' id='block_1_8' title="bbox 1005 4848 3497 4966">
    <p class='ocr_par' dir='ltr' id='par_1_13' title="bbox 1005 4848 3497 4966">
     <span class='ocr_line' id='line_1_35' title="bbox 1005 4848 3497 4966; baseline 0.005 -40"><span class='ocrx_word' id='word_1_247' title='bbox 1005 4848 1340 4950; x_wconf 85' lang='lat' dir='ltr'>Logicam</span> <span class='ocrx_word' id='word_1_248' title='bbox 1381 4852 1660 4966; x_wconf 86' lang='lat' dir='ltr'>docebit</span> <span class='ocrx_word' id='word_1_249' title='bbox 1704 4855 1954 4933; x_wconf 91' lang='lat' dir='ltr'>diebus</span> <span class='ocrx_word' id='word_1_250' title='bbox 1993 4858 2239 4936; x_wconf 85' lang='lat' dir='ltr'>Lunae</span> <span class='ocrx_word' id='word_1_251' title='bbox 2286 4866 2358 4936; x_wconf 89' lang='lat' dir='ltr'>et</span> <span class='ocrx_word' id='word_1_252' title='bbox 2404 4856 2736 4936; x_wconf 90' lang='lat' dir='ltr'>Mercurii</span> <span class='ocrx_word' id='word_1_253' title='bbox 2752 4916 2776 4949; x_wconf 91' lang='lat'>,</span> <span class='ocrx_word' id='word_1_254' title='bbox 2824 4857 2993 4936; x_wconf 87' lang='lat' dir='ltr'>hora</span> <span class='ocrx_word' id='word_1_255' title='bbox 3062 4916 3082 4938; x_wconf 88' lang='lat'><strong>.</strong></span> <span class='ocrx_word' id='word_1_256' title='bbox 3164 4914 3477 4938; x_wconf 93' lang='grc'><strong>.....</strong></span> <span class='ocrx_word' id='word_1_257' title='bbox 3487 4871 3497 4882; x_wconf 82' lang='grc'><strong>”</strong></span> 
     </span>
    </p>
   </div>
   <div class='ocr_carea' id='block_1_9' title="bbox 3720 681 3857 756">
    <p class='ocr_par' dir='ltr' id='par_1_14' title="bbox 3720 681 3857 756">
     <span class='ocr_line' id='line_1_36' title="bbox 3720 681 3857 756; baseline 0.022 -3"><span class='ocrx_word' id='word_1_258' title='bbox 3720 681 3857 756; x_wconf 74' lang='grc'>425</span> 
     </span>
    </p>
   </div>
   <div class='ocr_carea' id='block_1_10' title="bbox 3708 1372 3849 1576">
    <p class='ocr_par' dir='ltr' id='par_1_15' title="bbox 3708 1372 3849 1576">
     <span class='ocr_line' id='line_1_37' title="bbox 3709 1372 3849 1453; baseline 0.029 -5"><span class='ocrx_word' id='word_1_259' title='bbox 3709 1372 3849 1453; x_wconf 88' lang='lat' dir='ltr'>XI.</span> 
     </span>
     <span class='ocr_line' id='line_1_38' title="bbox 3708 1494 3849 1576; baseline 0.05 -8"><span class='ocrx_word' id='word_1_260' title='bbox 3708 1494 3849 1576; x_wconf 89' lang='lat' dir='ltr'>IX.</span> 
     </span>
    </p>
   </div>
   <div class='ocr_carea' id='block_1_11' title="bbox 3723 2577 3861 2656">
    <p class='ocr_par' dir='ltr' id='par_1_16' title="bbox 3723 2577 3861 2656">
     <span class='ocr_line' id='line_1_39' title="bbox 3723 2577 3861 2656; baseline 0.014 -3"><span class='ocrx_word' id='word_1_261' title='bbox 3723 2577 3861 2656; x_wconf 88' lang='lat' dir='ltr'>IX.</span> 
     </span>
    </p>
   </div>
   <div class='ocr_carea' id='block_1_12' title="bbox 3725 3055 3863 3136">
    <p class='ocr_par' dir='ltr' id='par_1_17' title="bbox 3725 3055 3863 3136">
     <span class='ocr_line' id='line_1_40' title="bbox 3725 3055 3863 3136; baseline 0.022 -3"><span class='ocrx_word' id='word_1_262' title='bbox 3725 3055 3863 3136; x_wconf 91' lang='lat' dir='ltr'>IX.</span> 
     </span>
    </p>
   </div>
   <div class='ocr_carea' id='block_1_13' title="bbox 3687 4497 3864 4578">
    <p class='ocr_par' dir='ltr' id='par_1_18' title="bbox 3687 4497 3864 4578">
     <span class='ocr_line' id='line_1_41' title="bbox 3687 4497 3864 4578; baseline 0.006 -3"><span class='ocrx_word' id='word_1_263' title='bbox 3687 4497 3864 4578; x_wconf 87' lang='lat' dir='ltr'>XII.</span> 
     </span>
    </p>
   </div>
   <div class='ocr_carea' id='block_1_14' title="bbox 3722 4857 3867 4938">
    <p class='ocr_par' dir='ltr' id='par_1_19' title="bbox 3722 4857 3867 4938">
     <span class='ocr_line' id='line_1_42' title="bbox 3722 4857 3867 4938; baseline 0.028 -4"><span class='ocrx_word' id='word_1_264' title='bbox 3722 4857 3867 4938; x_wconf 93' lang='grc' dir='ltr'><strong>ΙΙΙ.</strong></span> 
     </span>
    </p>
   </div>
  </div>
 </body>
</html>
