4730 6049
1816 678 2375 748 ORATIO.
3488 680 3620 749 317

559 884 864 961 defertur
883 944 906 975 ,
973 893 1056 961 ut
1115 912 1176 962 e.
1227 912 1300 987 g.
1353 884 1754 960 servitutem
1771 944 1794 975 ‚
1861 886 2326 987 polygamiam
2347 944 2371 977 ,
2428 886 2772 964 bonorum
2817 887 3133 965 omnium
3186 887 3617 963 communio·

557 1027 722 1080 nem
786 1005 1136 1081 defendat.
1239 1006 1332 1080 Et
1391 1006 1490 1081 sic
1557 1014 1792 1081 tamen
1863 1031 1951 1081 ex
2010 1006 2381 1107 singularis
2452 1006 2577 1081 viri
2632 1008 2959 1108 operibus
2977 1067 2998 1097 ,
3070 1007 3619 1083 adversariorum

559 1128 868 1201 seicenti
926 1150 1090 1203 cum
1153 1127 1292 1201 iam
1360 1124 1692 1201 oblivioni
1764 1125 2000 1201 traditi
2061 1134 2228 1200 sunt
2275 1128 2791 1216 commentarii,
2842 1137 3083 1203 nostra
3131 1136 3358 1202 aetate
3404 1127 3617 1226 pluri-

555 1268 758 1321 mum
801 1246 1072 1322 addisci
1112 1270 1314 1345 posse
1355 1244 1644 1345 negabit
1687 1267 1913 1321 neme.
2015 1246 2198 1320 Cum
2247 1246 2436 1321 enim
2474 1247 2593 1322 isti
2636 1247 2815 1323 vitae
2858 1249 3249 1323 ubertatem
3290 1256 3363 1321 et
3407 1246 3617 1322 varie·

557 1372 776 1439 tatem
847 1376 1370 1443 contemnerent
1425 1366 1566 1441 fere
1589 1424 1610 1455 ‚
1683 1392 1772 1441 ex
1831 1390 1972 1440 uno
2023 1391 2150 1440 suo
2194 1366 2535 1466 principio
2583 1368 2819 1442 omnia
2868 1368 3022 1443 iura
3071 1366 3363 1441 derivari
3418 1391 3620 1465 posse

553 1492 926 1585 putantes,
978 1511 1188 1563 nueo
1241 1494 1482 1562 contra
1531 1486 1722 1561 illam
1776 1511 2054 1561 omnem
2109 1486 2501 1562 ubertatem
2548 1498 2621 1561 et
2668 1488 3067 1563 varietatem
3116 1511 3243 1586 pro
3292 1486 3616 1574 mirifica,

559 1628 702 1702 qua
749 1606 1056 1705 pollebat
1075 1666 1096 1696 ‚
1148 1608 1500 1682 doctrinae
1541 1608 1740 1706 copia
1779 1606 1852 1681 in
1901 1607 2102 1682 libris
2144 1607 2538 1706 exponebat
2586 1606 2755 1683 suis.

653 1726 886 1802 Hueo
949 1728 1168 1827 igitur
1236 1728 1348 1801 ius
1411 1727 1724 1803 naturale
1773 1726 1846 1801 in
1898 1752 1981 1801 eo
2033 1726 2322 1827 posuit,
2373 1728 2565 1827 quod
2616 1728 2885 1802 iustum
2928 1752 3078 1801 esse
3127 1734 3383 1827 posset.
3458 1728 3625 1805 Qua

559 1844 850 1942 quidem
921 1845 1094 1919 iuris
1161 1844 1496 1919 naturalis
1555 1846 1836 1919 notione
1907 1846 2082 1921 nihil
2125 1869 2276 1921 esse
2323 1846 2603 1921 inanius
2652 1856 2725 1921 et
2770 1848 3015 1922 vanius
3060 1872 3223 1922 mox
3270 1848 3422 1923 eius
3468 1870 3621 1945 per-

559 1972 942 2063 spexerunt
987 1964 1334 2064 discipuli.
1431 1964 1521 2038 Ei
1569 1966 1788 2066 igitur
1834 1965 2042 2042 aliam
2092 1966 2647 2055 substituerunt,
2712 1992 2925 2068 quam
2976 1968 3048 2041 in
3098 1968 3269 2042 iuris
3319 1967 3625 2067 quadam

556 2084 866 2183 imagine
917 2092 991 2159 et
1035 2086 1264 2160 forma
1303 2083 1608 2183 perfecta
1653 2094 2038 2185 posuerunt
2058 2146 2079 2175 ‚
2132 2112 2314 2185 quae
2353 2088 2517 2161 olim
2570 2086 2947 2186 aliquando
2990 2086 3375 2176 obtinebit,
3422 2095 3495 2161 et
3534 2086 3629 2161 ad

555 2230 774 2303 quam
843 2205 986 2279 iam
1047 2229 1236 2280 nunc
1295 2206 1530 2280 omnia
1591 2205 1934 2306 exigenda
1953 2263 1974 2294 ,
2026 2205 2119 2280 ad
2177 2230 2393 2304 quam
2437 2206 2908 2282 accedendum
2956 2214 3029 2281 et
3070 2206 3629 2307 appropinquan-

555 2324 730 2399 dum
751 2382 772 2413 ,
855 2350 1282 2425 quamquam
1355 2325 1992 2426 appropinquantes
2064 2326 2292 2426 fugiat
2363 2350 2683 2425 semper,
2758 2335 2831 2403 et
2911 2326 3631 2426 appropinquantibus

553 2444 850 2521 demum
900 2456 1274 2545 appareat,
1325 2470 1540 2544 quam
1589 2446 1800 2546 longe
1846 2446 1936 2521 ab
1993 2472 2076 2521 ea
2130 2446 2387 2522 absint.
2488 2447 2603 2521 Sic
2663 2447 2803 2522 fere
2854 2455 3342 2536 wannxome,
3392 2469 3630 2521 nann-

555 2588 796 2654 zonn,
847 2586 1184 2654 ananus,
1235 2572 1500 2640 nonna.

465 2666 474 2675 ’
666 2686 812 2761 Sed
846 2692 1092 2785 sponte
1132 2694 1326 2785 patet
1357 2710 1447 2761 ne
1489 2686 1586 2761 sic
1624 2685 1910 2786 quidem
1953 2686 2191 2787 magni
2227 2685 2568 2761 momenti
2604 2684 2892 2760 evadere
2928 2684 3336 2759 doctrinam.
3434 2681 3633 2760 Quid

553 2829 682 2879 nos
739 2805 1156 2881 homunculi
1175 2862 1196 2893 ,
1262 2807 1386 2905 qui
1429 2830 1519 2881 ne
1564 2806 1652 2881 de
1703 2804 2002 2881 crastino
2048 2805 2334 2905 quidem
2386 2804 2501 2879 die
2550 2813 2855 2879 statuere
2902 2803 3171 2903 aliquid
3216 2824 3629 2902 possumus,

555 2923 642 2999 de
709 2925 978 2999 futuris
1045 2949 1338 3026 agemus
1385 2926 1496 3001 vel
1543 2926 1778 3026 potius
1830 2923 2386 3002 somniabimusi'
2460 2923 2810 3000 Ultimum
2858 2923 3398 3021 absolutumque
3418 2978 3439 3009 ,
3489 2944 3631 3018 quo

559 3045 866 3120 tendunt
910 3046 1182 3134 omnia,
1243 3045 1446 3121 nobis
1505 3045 1830 3146 patefecit
1876 3069 2084 3122 Issus
2141 3069 2527 3123 cnmsrm.
2628 3046 2769 3121 Sed
2814 3045 2987 3134 illis,
3038 3067 3217 3144 quae
3259 3041 3462 3117 nobis
3510 3041 3630 3116 de·

551 3165 881 3254 claravit,
947 3165 1204 3241 frustra
1259 3166 1526 3265 aliquid
1575 3167 1871 3241 adiicere
1925 3174 2216 3242 conatur
2261 3165 2623 3266 ingenium
2673 3165 3085 3240 humanum.
3187 3162 3369 3237 'l‘um
3425 3185 3589 3236 vero
3608 3218 3629 3249 ,

557 3310 778 3384 quam
841 3285 1190 3372 immenso
1257 3287 1480 3386 spatio
1549 3286 1638 3362 ab
1687 3286 1808 3360 illo
1858 3311 2260 3386 separamur
2308 3291 2498 3362 statu
2540 3285 2861 3360 absoluto
2902 3283 3365 3383 perfectoque.
3467 3282 3632 3359 Quo

555 3406 774 3480 modo
846 3429 988 3504 qua
1051 3405 1162 3480 via
1225 3407 1318 3481 ad
1365 3407 1568 3482 illum
1623 3407 2062 3482 accederetur
2111 3431 2315 3483 nosse
2359 3413 2595 3481 nostra
2642 3404 2992 3479 intererat.
3092 3403 3324 3476 Nemo
3374 3406 3629 3475 morta-

558 3524 730 3600 lium
807 3551 974 3625 prae
1033 3525 1445 3624 aequalibus
1508 3526 2100 3627 popularibusque
2151 3527 2457 3602 multum
2523 3525 2723 3623 sapit.
2822 3521 3209 3622 Disciplina
3252 3543 3433 3619 quae
3481 3526 3629 3594 tam

555 3647 956 3746 magnificis
1011 3645 1430 3722 efferebatur
1477 3661 1548 3722 et
1592 3646 2215 3721 commendabatur
2265 3643 2595 3721 laudibus
2613 3701 2635 3733 ‚
2684 3643 2759 3717 in
2803 3641 2973 3716 iuris
3022 3639 3301 3740 positivi
3342 3638 3627 3740 placito·
3736 3707 3755 3718 .

555 3790 716 3841 rum
768 3789 1134 3842 censuram
1181 3775 1254 3841 et
1295 3767 1647 3841 nonnullis
1699 3765 1868 3842 locis
1911 3765 1986 3840 in
2037 3765 2593 3866 reprobationem
2638 3763 2779 3837 fere
2830 3760 3209 3836 desinebat.

655 3886 848 3960 Cum
919 3885 1016 3962 sic
1083 3886 1172 3961 de
1237 3886 1410 3961 iuris
1479 3886 1814 3962 naturalis
1880 3884 2316 3961 informanda
2363 3883 2651 3958 notione
2702 3881 3113 3968 variaretur,
3176 3877 3436 3954 mirum
3486 3900 3627 3954 non

558 4014 666 4080 est
684 4064 706 4095 ,
783 4005 1132 4080 exstitisse
1198 4006 1322 4104 qui
1391 4031 1596 4082 omne
1661 4008 1774 4082 ius
1835 4007 2154 4082 naturale
2226 4029 2509 4105 prorsus
2570 4010 2945 4102 negarent,
3013 4001 3388 4099 ipsumque
3454 3997 3629 4074 adeo

557 4149 818 4200 nomen
889 4124 1268 4202 delendum
1339 4151 1490 4202 esse
1555 4134 1936 4204 censerent.
2036 4128 2201 4202 Non
2265 4125 2382 4200 hic
2444 4147 2669 4199 moror
2687 4181 2709 4212 ,
2772 4121 2897 4220 qui
2948 4143 3189 4195 omnes
3236 4117 3513 4194 honesti
3552 4125 3627 4192 et

561 4243 919 4320 inhonesti
983 4245 1154 4318 iusti
1211 4254 1284 4321 et
1339 4247 1584 4322 iniusti
1643 4247 1820 4322 fines
1873 4246 2150 4322 tollunt.
2250 4245 2393 4320 Eos
2446 4251 2724 4319 tantum
2779 4241 2964 4330 volo,
3012 4239 3139 4339 qui
3188 4238 3301 4313 ius
3352 4237 3627 4312 nullum

559 4364 697 4439 nisi
769 4363 1150 4463 positivum
1223 4371 1632 4464 agnoscunt.
1731 4363 1892 4440 Nisi
1961 4363 2104 4438 iam
2159 4386 2235 4437 re
2295 4362 2811 4437 consentiamus
2830 4418 2851 4449 ,
2900 4360 3013 4454 ‚de
3060 4357 3270 4433 verbo
3313 4357 3623 4457 dispute-

561 4507 724 4558 mus
744 4541 766 4572 ,
816 4482 948 4558 hoc
997 4507 1080 4558 eo
1133 4484 1356 4572 redit,
1407 4492 1490 4558 ut
1528 4484 1712 4559 cives
1752 4507 1893 4558 non
1948 4481 2262 4557 homines
2311 4481 2463 4556 iure
2509 4482 2927 4581 iungantur,
2976 4485 3057 4552 ut
3108 4473 3433 4575 opinione
3480 4499 3625 4550 non

561 4613 820 4681 natura
879 4602 996 4678 ius
1056 4603 1154 4679 sit
1211 4603 1692 4679 constitutum.
1793 4603 1872 4676 Si
1939 4602 2216 4678 nullum
2283 4609 2557 4700 praeter
2622 4599 2997 4700 positivum
3052 4596 3259 4671 datur
3298 4593 3453 4684 ius,
3502 4617 3623 4670 ne-

565 4749 760 4800 cesse
827 4732 936 4798 est
1003 4722 1130 4798 ubi
1196 4723 1328 4798 hoc
1395 4748 1538 4801 non
1603 4722 1918 4800 obtineat
1985 4723 2156 4798 iuris
2206 4721 2499 4798 vinculis
2552 4722 2815 4797 solutos
2866 4741 3019 4792 esse
3064 4712 3401 4791 homines.
3500 4714 3629 4792 Ius

568 4842 950 4944 positivum
1011 4850 1248 4918 autem
1315 4867 1454 4918 non
1521 4843 1871 4920 enascitur
1917 4841 2055 4917 nisi
2099 4851 2288 4919 certo
2329 4842 2471 4920 iam
2522 4841 2701 4916 vitae
2750 4835 2971 4914 civilis
3016 4831 3329 4911 excultae
3378 4833 3626 4934 gradu.
