4730 6049
1060 651 1146 720 16
2000 649 2077 717 A.
2143 649 2215 715 E.
2284 646 2628 717 smoN
2694 646 3135 752 TnopnAs

1057 861 1284 936 dicam
1351 883 1562 934 unam
1628 858 1994 959 diligenter
2035 868 2106 932 et
2158 857 2332 931 bene
2382 866 2616 958 posset
2666 855 3026 932 observare
3041 889 3061 946 ;
3128 855 3317 954 quod
3373 879 3533 932 vero
3580 864 3941 934 accuratae
3983 857 4108 933 ob·

1058 980 1379 1055 servandi
1439 979 1690 1054 rationi
1757 978 1954 1053 deest
2002 976 2195 1052 nulla
2240 975 2797 1053 observationum
2860 976 3057 1077 copia
3104 977 3537 1076 compensari
3594 985 3846 1079 potest.
3946 978 4110 1054 Non

1057 1101 1136 1174 id
1197 1107 1304 1174 est
1362 1099 1709 1200 optimum
1777 1097 2102 1174 clinicum
2122 1155 2143 1186 ,
2206 1097 2397 1197 quod
2461 1097 2796 1197 plurimos
2855 1120 3098 1196 aegros
3144 1095 3397 1171 habeat
3444 1096 3569 1171 sed
3621 1098 3813 1197 quod
3856 1098 3957 1175 ita
4004 1123 4108 1174 re·

1057 1227 1264 1319 gatur
1333 1227 1416 1294 ut
1487 1219 1653 1294 satis
1723 1219 1956 1319 largus
2023 1243 2388 1318 aegrorum
2460 1243 2794 1294 numerus
2858 1241 3014 1294 eam
3082 1216 3409 1316 praebeat
3467 1217 3867 1294 varietatem
3883 1276 3906 1309 ,
3970 1243 4111 1319 qua

1057 1339 1333 1414 animus
1387 1338 1477 1414 ad
1529 1337 2035 1413 attendendum
2079 1347 2369 1438 cogatur
2414 1363 2718 1437 eumque
2773 1337 3160 1412 studiorum
3212 1361 3519 1412 amorem
3564 1337 3639 1412 in
3679 1339 3918 1414 futuro
3960 1363 4108 1414 me-

1054 1451 1210 1534 dico
1275 1458 1529 1534 excitet
1585 1465 1666 1533 ut
1731 1457 1908 1532 nihil
1949 1465 2334 1556 praetereat
2385 1457 2577 1557 quod
2620 1457 2929 1533 medicae
2972 1456 3398 1532 institutioni
3442 1459 3789 1534 inserviat.
3888 1461 4107 1560 Prop-

1051 1589 1240 1655 terea
1277 1579 1743 1654 necessarium
1788 1590 1895 1652 est
1939 1578 2232 1676 quodvis
2269 1578 2598 1653 clinicum
2640 1577 2990 1653 medicum
3030 1577 3479 1653 coniunctum
3516 1603 3669 1653 esse
3705 1603 3865 1654 cum
3906 1603 4109 1655 noso·

992 1776 997 1782 ,
1053 1700 1277 1775 comio
1324 1699 1628 1799 quodam
1676 1698 2103 1797 amplissimo
2124 1756 2145 1786 ,
2195 1697 2387 1772 unde
2428 1697 2617 1797 aegri
2662 1698 3037 1772 maximam
3084 1698 3442 1798 discipulis
3489 1698 3861 1774 utilitatem
3911 1723 4107 1798 prae-

1051 1821 1270 1895 bituri
1315 1821 1478 1918 eligi
1526 1818 1794 1918 possint
1831 1826 1903 1892 et
1945 1842 2084 1916 quo
2129 1817 2392 1893 remitti
2434 1818 2741 1917 possint,
2793 1818 2917 1918 qui
2960 1843 3084 1918 per
3124 1819 3405 1918 aliquod
3444 1825 3722 1919 tempus
3764 1819 4111 1894 observati

1051 1941 1361 2014 medicae
1425 1938 1855 2013 institutioni
1926 1937 2162 2013 minus
2231 1944 2397 2011 sunt
2466 1937 2720 2016 idonei.
2844 1939 2958 2014 Sic
3027 1940 3313 2014 demum
3388 1939 3565 2014 duas
3628 1964 3739 2014 res
3810 1939 4109 2016 maxime

1055 2059 1470 2134 necessarias
1540 2082 2026 2156 assequemur,
2098 2066 2177 2132 ut
2253 2058 2421 2132 satis
2489 2083 2746 2158 magna
2822 2059 2914 2134 sit
2985 2058 3277 2134 varietas
3343 2083 3625 2150 eorum,
3696 2059 3957 2160 quibus
4018 2060 4110 2135 ad

1057 2181 1567 2256 institutionem
1634 2203 1813 2277 opus
1875 2187 2022 2267 est,
2073 2187 2226 2253 tum
2298 2203 2456 2254 vero
2501 2203 2589 2254 ne
2640 2179 2962 2279 discipuli
3012 2179 3463 2254 multitudine
3502 2203 3735 2254 rerum
3786 2203 4109 2280 conspec-

1063 2311 1289 2376 tarum
1347 2300 1749 2374 obruantur.
1853 2298 2094 2372 Cuivis
2137 2307 2372 2373 tamen
2420 2298 2653 2373 statim
2694 2299 2988 2375 occurrit
3033 2299 3213 2374 bene
3255 2307 3729 2398 comparatum
3784 2299 4111 2375 clinicum

1054 2448 1178 2522 per
1221 2447 1293 2496 se
1338 2421 1642 2495 medicos
1685 2444 1825 2493 non
1868 2419 2125 2518 peritos
2167 2418 2605 2492 redditurum
2650 2419 2785 2492 nisi
2824 2420 2885 2492 is
2929 2420 3187 2518 praesit
3228 2421 3353 2518 qui
3414 2419 3545 2493 rite
3592 2444 3675 2494 eo
3722 2420 3831 2494 uti
3868 2419 4109 2520 possit.

1062 2541 1473 2630 Quomodo,
1544 2564 1633 2613 ne
1701 2539 1900 2637 plura
1961 2539 2278 2639 exempla
2332 2538 2655 2628 afferam,
2722 2531 2997 2614 ostendi
3055 2541 3311 2639 poterit
3364 2541 3610 2638 quanti
3656 2540 3747 2614 sit
3797 2539 4112 2616 facienda

1064 2662 1502 2761 investigatio
1562 2685 1742 2758 quae
1808 2659 2062 2733 dicitur
2118 2659 2440 2758 physica,
2500 2659 2573 2734 in
2637 2658 2899 2734 morbis
2950 2661 3176 2735 cordis
3222 2668 3294 2734 et
3338 2660 3752 2759 pulmonum
3773 2718 3794 2750 ,
3844 2659 3980 2734 nisi
4018 2659 4108 2735 ab

1059 2809 1139 2858 eo
1183 2783 1306 2881 qui
1351 2806 1678 2880 magnam
1718 2779 1931 2853 habet
1974 2778 2184 2853 huius
2226 2779 2326 2854 rei
2367 2780 2739 2878 peritiam?
2826 2779 3199 2859 Quomodo
3250 2779 3513 2854 utilitas
3562 2779 4111 2880 investigationis

1063 2901 1592 3000 microscopicae
1634 2907 1760 2975 aut
1799 2898 2146 2974 chemicae
2187 2899 2543 2999 discipulis
2583 2900 3052 2975 commendari
3095 2900 3351 3000 poterit
3392 2926 3433 2974 a
3468 2908 3907 3000 praeceptore
3945 2901 4111 2976 artis

1057 3024 1292 3098 minus
1350 3021 1572 3121 perito
1625 3019 1733 3096 vel
1784 3019 2077 3119 ignaro?
2178 3019 2549 3119 Quidquid
2595 3029 2827 3097 tamen
2867 3029 3015 3111 est,
3062 3020 3140 3095 id
3192 3021 3383 3119 quod
3430 3021 3773 3122 imprimis
3820 3019 4117 3122 requiri?

1055 3152 1207 3232 tur,
1283 3143 1430 3217 sine
1493 3166 1633 3240 quo
1695 3141 2043 3216 medicum
2113 3140 2441 3216 clinicum
2504 3142 2631 3215 fini
2692 3142 3044 3242 proposito
3099 3164 3545 3241 nequaquam
3606 3142 3942 3233 satisfiet,
4004 3149 4112 3216 est

1055 3286 1463 3361 semperque
1510 3262 1638 3335 erit
1688 3262 1854 3336 satis
1905 3286 2209 3361 magnus
2251 3286 2589 3337 numerus
2634 3287 3000 3363 aegrorum
3040 3262 3295 3336 diversi
3336 3286 3579 3351 sexuS,
3620 3262 3898 3352 aetatis,
3943 3270 4015 3338 et
4050 3260 4111 3339 si

1051 3384 1202 3457 fieri
1269 3382 1565 3481 poterit,
1636 3380 1998 3471 fortunae,
2068 3381 2141 3455 in
2209 3381 2469 3482 quibus
2538 3382 2879 3481 eligendis
2946 3382 3249 3460 maxima
3310 3383 3725 3459 adhibeatur
3774 3408 3940 3458 cura
3986 3406 4107 3458 ne-

1053 3528 1242 3580 cesse
1293 3502 1446 3579 erit.

1155 3623 1372 3702 Quod
1421 3620 1628 3696 modo
1674 3620 2138 3695 demonstravi
2184 3620 2273 3693 de
2318 3618 2663 3694 medicina
2706 3618 2979 3694 interna
3030 3620 3254 3695 multo
3299 3619 3525 3719 magis
3570 3618 3815 3694 valet
3793 3643 3869 3693 1n
3912 3618 4107 3693 insti-

1059 3743 1400 3817 tutionem
1433 3741 1852 3841 chirurgiae3
1893 3740 2131 3815 futuro
2181 3740 2370 3813 enim
2428 3738 2751 3839 chirurgo
2798 3764 2939 3814 non
2982 3746 3258 3814 tantum
3307 3738 3716 3814 discendum
3764 3738 3896 3813 erit
3937 3762 4108 3838 quo-

1059 3863 1269 3937 modo
1337 3864 1428 3935 sit
1497 3859 1909 3936 versandum
1971 3860 2046 3935 in
2113 3861 2338 3961 aegris
2381 3861 2817 3960 explorandis
2838 3920 2859 3951 ,
2926 3862 2999 3935 in
3062 3860 3587 3936 medicamentis
3654 3858 3993 3959 eligendis
4040 3865 4114 3933 et

1057 3980 1602 4082 praescribendis
1624 4039 1644 4068 ,
1688 3981 1763 4055 in
1835 3981 2066 4055 diaeta
2115 3981 2418 4081 regenda
2435 4041 2455 4070 ,
2520 3981 2645 4055 sed
2696 3980 2773 4055 id
2822 4006 3101 4081 quoque
3156 3980 3508 4081 agendum
3564 3978 3696 4054 erit
3766 3987 3848 4053 ut
3892 4002 3975 4053 ea
4022 3977 4113 4053 sit

1055 4101 1304 4201 peritia
1362 4107 1442 4175 ut
1503 4125 1754 4176 manus
1823 4125 2096 4199 semper
2156 4098 2381 4173 officio
2433 4098 2771 4198 fungatur
2816 4099 2890 4173 in
2936 4097 3263 4174 omnibus
3308 4098 3568 4199 quibus
3611 4098 3702 4173 ad
3750 4118 4116 4196 aegrorum

1059 4222 1354 4296 salutem
1417 4245 1598 4320 opus
1661 4221 1816 4297 erit.
1915 4220 2122 4295 Hanc
2204 4218 2525 4318 peritiam
2590 4219 2725 4293 sibi
2791 4218 3065 4319 parabit
3112 4244 3197 4293 ex
3269 4218 3592 4319 diligenti
3638 4216 4114 4292 observatione

1058 4366 1293 4417 eorum
1312 4400 1334 4431 ,
1385 4366 1565 4442 quae
1621 4340 1792 4415 alios
1837 4338 2166 4413 facientes
2208 4338 2457 4413 viderit
2472 4396 2493 4429 ,
2543 4345 2699 4412 tum
2745 4337 2968 4438 perito
3014 4337 3277 4413 artifice
3329 4338 3508 4413 duce
3553 4338 3705 4437 ipse
3752 4333 3959 4409 faciet
3990 4359 4111 4434 pe-

1053 4462 1395 4549 riculum;
1462 4486 1642 4561 quae
1695 4484 1804 4533 res
1856 4458 2079 4532 multo
2125 4458 2457 4533 maiorem
2516 4457 2687 4532 varii
2752 4458 3026 4557 generis
3102 4480 3473 4533 numerum
3536 4477 3903 4554 aegrorum
3952 4478 4110 4553 pos-

1057 4585 1259 4660 tulat.
1361 4582 1549 4657 Nam
1616 4604 1837 4680 quum
1909 4602 2067 4652 vere
2135 4579 2471 4653 affirmare
2521 4576 2725 4653 nobis
2772 4604 2977 4678 posse
3026 4579 3417 4667 videamur,
3467 4575 3859 4675 complures
3908 4572 4111 4649 disci-

1055 4704 1261 4803 pulos
1302 4728 1386 4777 ex
1439 4726 1583 4776 uno
1630 4724 1839 4801 aegro
1891 4696 2136 4774 morbo
2177 4698 2453 4773 interno
2492 4698 2833 4774 laboranti
2874 4698 3251 4773 utilitatem
3290 4720 3533 4797 capere
3578 4702 3652 4772 et
3697 4693 4113 4771 observandi

1059 4832 1278 4902 artem
1349 4820 1612 4897 discere
1673 4845 1880 4920 posse
1899 4878 1920 4909 ,
1986 4842 2128 4897 non
2187 4817 2423 4893 minus
2477 4842 2715 4893 verum
2766 4826 2875 4895 est
2930 4842 3097 4895 eum
3152 4824 3427 4894 tantum
3446 4874 3469 4907 ,
3520 4816 3647 4917 qui
3693 4815 4109 4917 amputatio·
