4730 6049
1048 674 1176 742 168
2243 672 2295 738 1.
2367 670 2418 737 Ι.
2489 665 2910 737 DOEDES

1044 892 1181 959 τοῦ
1248 885 1433 957 θεοῦ
1485 879 1625 955 dici
1682 886 2047 955 mereatur.
2150 878 2324 953 Eius
2375 877 2727 952 obiectum
2769 877 2987 977 igitur
3033 900 3184 952 esse
3227 876 3601 952 statuimus
3647 900 4108 977 quaecunque

1044 1002 1419 1102 aliquando
1476 1000 1730 1075 tradita
1800 1010 1997 1089 sunt,
2068 999 2116 1075 i.
2170 1023 2231 1075 e.
2292 998 2735 1073 traditionem
2787 997 3126 1072 latissimo
3182 998 3366 1073 vocis
3417 1022 3628 1073 sensu
3647 1057 3669 1089 ,
3737 1024 3918 1098 quae
3971 1006 4108 1073 tra·

1048 1122 1222 1196 ditio
1277 1128 1513 1195 textus
1575 1127 1719 1209 est,
1785 1145 1997 1218 quem
2062 1118 2333 1194 critices
2396 1118 2700 1193 examini
2753 1117 3236 1192 submittimus
3255 1176 3276 1207 ‚
3347 1124 3432 1191 ut
3479 1142 3561 1193 ea
3611 1120 3876 1193 ratione
3895 1176 3918 1208 ,
3970 1142 4112 1216 qua

1044 1240 1361 1314 codicum
1414 1247 1687 1314 textum
1730 1248 2165 1314 recensentes
2212 1238 2452 1337 spuria
2499 1264 2542 1313 a
2594 1238 2944 1337 germanis
2981 1238 3432 1339 distinguunt
3473 1238 3734 1329 critici,
3786 1262 3916 1314 nos
3937 1238 4112 1314 falsa

1042 1384 1083 1433 a
1131 1358 1309 1433 veris
1358 1358 1878 1435 accuratissima
1927 1358 2418 1459 disquisitione
2470 1382 2888 1459 separemus.

1136 1598 1279 1673 Sed
1347 1622 1438 1673 ne
1508 1600 1638 1673 hoc
1698 1607 2129 1698 postremum
2196 1596 2436 1673 leviter
2499 1584 2778 1671 tantum
2851 1597 3192 1697 attingere
3265 1596 3536 1685 videar,
3605 1596 3698 1671 de
3767 1596 4114 1673 industria

1040 1742 1456 1817 quaeramus
1475 1777 1495 1806 ,
1546 1718 1721 1817 quid
1763 1719 1853 1793 de
1896 1718 2169 1793 critices
2216 1742 2417 1791 mun
2437 1741 2576 1791 ere
2622 1716 3072 1792 statuendum
3125 1717 3237 1791 sit.
3326 1746 3364 1786 ιι
3383 1718 3488 1790 Ut
3527 1740 3782 1791 nomen
3813 1716 4108 1805 habet,''

1038 1836 1247 1913 verba
1310 1846 1478 1912 sunt
1526 1839 1654 1913 viri
1708 1838 1957 1913 harum
2004 1862 2237 1912 rerum
2288 1836 2498 1937 periti
2545 1839 2605 1929 ¹)
2626 1894 2645 1925 ,
2703 1866 2740 1906 ιι
2759 1837 2862 1911 ita
2912 1836 3369 1936 proficiscitur
3413 1862 3456 1911 a
3507 1836 3884 1911 iudicando
3936 1836 4112 1934 quid
4127 1904 4180 1956 ο

1035 1980 1277 2031 verum
1316 1957 1653 2032 falsumve
1673 2017 1695 2047 ,
1764 1958 2067 2056 probum
2114 1958 2223 2033 vel
2269 1958 2597 2033 vitiosum
2619 2016 2638 2047 ‚
2707 1981 2958 2032 sanum
3005 1957 3115 2031 vel
3156 1957 3570 2032 mendosum
3593 2016 3614 2046 ‚
3676 1965 3948 2032 rectum
4005 1955 4112 2031 vel

1034 2100 1327 2176 pravum
1352 2134 1373 2165 ,
1438 2085 1644 2176 turpe
1697 2078 1806 2152 vel
1872 2102 2071 2152 secus
2092 2135 2111 2166 ‚
2184 2102 2598 2178 germanum
2651 2078 3179 2177 suppositamve
3235 2076 3366 2151 sit:
3431 2076 3737 2176 indeque
3783 2076 3878 2151 ad
3919 2075 4109 2151 inve-

1033 2197 1371 2270 niendum
1420 2198 1859 2295 progreditur
1880 2255 1900 2285 ,
1954 2220 2162 2271 suum
2211 2197 2467 2295 cuique
2518 2197 2838 2271 tribuens
2861 2257 2881 2286 ,
2931 2196 3350 2296 reprehenso
3399 2197 3576 2272 falso
3619 2219 3860 2270 verum
3913 2195 4108 2271 resti·

879 2398 891 2409 ,
1035 2324 1243 2389 tuens
1259 2374 1280 2404 ‚
1328 2325 1609 2391 ostensa
1651 2318 2041 2416 corruptela
2094 2316 2305 2391 simul
2352 2316 2770 2391 medicinam
2817 2339 3230 2417 expromens
3250 2332 3298 2406 ,²
3327 2316 3434 2391 vel
3482 2315 3914 2391 coniecturae
3961 2314 4109 2389 feli-

1034 2434 1245 2509 citate
1262 2494 1283 2525 ‚
1352 2435 1461 2509 vel
1528 2478 1617 2493 —-
1686 2460 1993 2536 namque
2056 2438 2145 2512 de
2190 2443 2396 2511 textu
2444 2436 2777 2511 librorum
2823 2461 3050 2511 sermo
3097 2443 3246 2525 est,
3295 2480 3398 2496 —
3444 2444 3878 2511 vetustorum
3923 2434 4108 2510 codi-

1032 2578 1197 2630 cum
1262 2554 1746 2631 auctoritate.”
1871 2556 2089 2635 Quod
2161 2556 2510 2656 praeclare
2577 2556 2668 2630 de
2733 2554 2974 2630 critica
3034 2555 3301 2631 dictum
3321 2614 3342 2644 ‚
3423 2563 3770 2655 quatenus
3839 2562 4110 2631 textum

1033 2673 1447 2772 scriptorum
1506 2682 1797 2764 tractet,
1866 2676 2152 2755 omnino
2205 2676 2297 2751 de
2358 2700 2444 2750 ea
2502 2674 2641 2751 dici
2705 2684 2938 2777 potest
2955 2734 2976 2765 ,
3026 2699 3518 2775 quamcunque
3567 2676 3703 2751 sibi
3752 2676 4110 2751 materiam

1033 2802 1285 2869 sumat.
1387 2794 1671 2893 Ubique
1734 2796 2075 2873 iudicium
2144 2803 2233 2871 et·
2282 2820 2650 2876 censuram
2719 2819 3044 2871 exercens
3062 2854 3083 2885 ,
3159 2822 3200 2865 n
3219 2795 3549 2870 censendi
3613 2794 4110 2893 iudicandique

1030 2937 1320 2988 munere
1390 2913 1491 2988 sic
1552 2913 1877 3013 fungitur
1896 2972 1917 3003 ,
1988 2921 2071 2989 ut
2116 2956 2215 2971 --
2264 2914 2548 2990 flaudes
2593 2914 2741 2989 suis
2787 2914 3098 3015 vestigiis
3147 2913 3480 2989 odoretur
3527 2920 3599 2989 et
3645 2914 4108 3004 demonstret,

1032 3033 1345 3110 obscuris
1408 3034 1552 3108 sive
1620 3035 1830 3108 rebus
1893 3034 2037 3108 sive
2084 3033 2315 3110 verbis
2357 3034 2597 3110 lumen
2647 3035 2970 3113 affundat
2991 3093 3012 3125 ‚
3077 3035 3451 3134 depravata
3490 3035 3830 3135 corrigat,
3871 3034 4108 3111 laudet

1031 3160 1221 3228 recta
1238 3209 1259 3242 ,
1322 3153 1783 3251 reprehendat
1846 3153 2091 3229 vitiosa
2144 3152 2288 3248 ¹³).’'
2389 3149 2876 3256 Quaecnnqde
2913 3155 3183 3232 andita
3225 3155 3362 3230 sibi
3399 3155 3758 3231 tractanda
3775 3213 3796 3244 ,
3847 3153 4107 3247 examiff

1033 3272 1265 3348 nanda
1286 3330 1308 3362 ,
1372 3271 1819 3349 diiudicanda
1886 3297 2171 3350 sumens
2188 3331 2209 3364 ,
2281 3300 2326 3351 a
2391 3277 2600 3352 certis
2641 3276 2953 3376 procedit
2995 3277 3088 3351 ad
3127 3277 3392 3352 incerta
3443 3283 3570 3351 aut
3617 3299 3796 3376 quae
3843 3297 4106 3373 nequa-

1033 3418 1245 3494 quam
1318 3394 1509 3468 omni
1577 3393 1794 3470 dubio
1848 3396 2112 3471 maiora
2182 3403 2349 3472 sunt
2371 3453 2394 3486 ‚
2455 3395 2692 3471 omnia
2752 3403 3194 3494 perscrutans
3211 3454 3232 3485 ,
3303 3395 3639 3471 librorum
3701 3403 3776 3470 et
3828 3401 4102 3469 textum

1035 3523 1105 3589 et
1146 3523 1655 3614 argumentum
1677 3572 1699 3604 ,
1756 3539 2107 3614 *quaerens
2168 3539 2259 3591 an
2326 3538 2566 3590 revera
2629 3514 2814 3589 facta
2833 3515 3010 3589 *sint
3063 3538 3244 3614 quae
3303 3516 3486 3592 facta
3537 3541 3688 3592 esse
3737 3515 4104 3606 dicuntur,

1036 3659 1125 3709 an
1179 3657 1339 3709 vere
1368 3623 1657 3710 'dictum
1707 3634 1800 3708 sit
1853 3635 2047 3732 quod
2099 3636 2371 3711 dictum
2421 3659 2574 3710 esse
2619 3635 2922 3728 traditur
2939 3669 2958 3725 ;
3021 3655 3161 3710 uon
3207 3636 3652 3735 acquiescens
3695 3635 3768 3709 in
3815 3659 4108 3736 magnos

1035 3777 1196 3830 rum
1243 3753 1610 3827 nominum
1654 3754 2099 3843 auctoritate,
2153 3754 2281 3830 ubi
2328 3755 2644 3830 nondum
2689 3753 2894 3855 plene
2941 3762 3214 3831 constat
3230 3815 3251 3845 ‚
3301 3756 3446 3840 veri
3489 3756 3890 3831 amantibus
3931 3753 4106 3830 nihil

1037 3872 1230 3947 aliud
1296 3881 1552 3947 restare
1622 3873 1759 3947 nisi
1828 3873 2165 3948 assentiri.
2272 3873 2566 3948 Critices
2631 3897 2895 3948 munus
2957 3874 3176 3974 igitur
3233 3882 3379 3964 est,
3441 3876 4060 3976 παρακολουθεῖν
4081 3931 4102 3964 ,

1037 3992 1231 4092 quod
1279 4016 1511 4068 nucu
1551 3993 2009 4094 Euangelista
2053 4017 2127 4066 se
2172 3991 2418 4067 fecisse
2465 3991 2676 4080 dicit,
2723 3991 3037 4072 ἄνωθεν
3084 4001 3336 4073 πᾶσιν
3377 3995 3742 4096 ἀκριβῶς
3759 4053 3780 4084 ,
3830 4001 3904 4070 et
3940 4017 4102 4069 cum

1031 4111 1315 4187 Beraeis
1370 4112 1833 4214 ἀνακρίνειν
1880 4112 1961 4190 εἰ
2004 4113 2187 4208 ἔχοι
2232 4121 2489 4189 ταῦτα
2539 4115 2802 4199 οὕτως.
2905 4113 3120 4189 Videt
3171 4113 3274 4187 ita
3327 4114 3562 4190 critica
3580 4173 3600 4202 ,
3647 4137 3741 4190 ne
3799 4137 3979 4213 quae
4028 4111 4101 4186 in

1036 4231 1295 4307 tradita
1344 4231 1507 4308 ficta
1552 4233 1955 4334 irrepserint
2002 4256 2129 4331 pro
2176 4232 2378 4307 factis
2430 4232 2817 4314 habeantur
2833 4293 2855 4323 ,
2905 4257 2996 4308 ne
3041 4233 3218 4335 quid
3265 4234 3656 4334 respublica
3709 4233 4103 4308 Christiana

1037 4349 1437 4427 detrimenti
1495 4353 1726 4452 capiat
1747 4411 1769 4440 ,
1819 4376 2079 4426 errores
2128 4376 2256 4450 pro
2304 4351 2595 4428 veritate
2646 4353 3093 4452 amplectens.
3197 4353 3516 4454 Vigilans
3563 4353 3841 4454 singula
3889 4377 4102 4455 quam

1038 4471 1568 4580 diligentissime
1606 4471 1994 4572 perpendit.
2093 4471 2514 4572 Praegustat
2551 4473 2786 4550 omnia
2825 4481 3036 4574 atque
3089 4482 3404 4576 regustat
3423 4533 3444 4564 ,
3493 4473 3678 4552 bona
3699 4473 3840 4550 fide
3861 4497 4102 4550 eorum

1056 4753 1061 4758 ·
1124 4733 1179 4808 ¹)
1239 4733 1727 4796 Wrrrnmcnn
1764 4730 1825 4793 in
1873 4733 2015 4795 Vita
2053 4735 2132 4796 D.
2172 4723 2509 4798 Hababa-ii.

1120 4833 1174 4915 ²)
1235 4835 1637 4898 Rumummts
1674 4837 1737 4896 in
1778 4835 1947 4913 Eloq.
1992 4836 2109 4898 m.
2150 4827 2580 4900 Henaton-haesi.
