4730 6049
1062 583 1149 650 18
2012 591 2085 658 A.
2155 592 2227 660 E.
2296 588 2637 656 smol*
2705 585 3148 654 THOMAS

1062 793 1257 872 velle.
1354 796 1457 870 At
1499 796 1733 874 omnia
1776 798 2024 876 eodem
2064 823 2207 900 quo
2250 799 2447 900 prius
2493 803 2684 874 statu
2723 802 3032 872 manent.
3131 795 3246 870 Ne
3291 801 3523 870 tamen
3569 800 3933 894 propterea
3969 815 4120 868 rem

1062 913 1551 1016 desperemus:
1604 941 1727 992 vos
1772 927 2010 996 autem
2056 920 2183 1020 qui
2228 943 2508 996 mecum
2559 917 2868 994 medicae
2915 915 3050 992 arti
3091 915 3382 1015 eiusque
3415 913 3896 1018 progressibus
3933 913 4117 989 fave-

1062 1034 1157 1110 tis
1176 1094 1198 1124 ,
1270 1060 1392 1111 vos
1460 1061 1701 1112 omnes
1719 1096 1741 1127 ‚
1814 1039 1939 1138 qui
2005 1039 2095 1114 de
2163 1047 2402 1114 nostra
2459 1037 2842 1115 Academia
2897 1035 3082 1110 bene
3125 1035 3338 1111 vultis
3387 1034 3670 1124 mereri,
3719 1059 3856 1108 ⁴vos
3905 1034 4118 1110 etiam

1061 1163 1275 1255 atque
1318 1157 1531 1232 etiam
1576 1183 1745 1259 rogo
1791 1167 1873 1234 ut
1920 1185 2199 1236 mecum
2247 1158 2515 1236 faciatis
2565 1167 2640 1235 et
2697 1165 2978 1234 strenue
3011 1155 3447 1232 contendatis
3485 1153 3798 1230 subsidia
3833 1152 4118 1230 clinicae

1054 1276 1515 1354 institutionis
1559 1279 1895 1377 ampliora
1940 1281 2094 1355 fieri
2140 1289 2477 1381 oportere.
3745 1297 3767 1306 ”

1154 1755 1277 1830 Ad
1348 1756 1635 1831 alteram
1700 1757 2011 1834 muneris
2084 1766 2353 1858 partem
2421 1758 2671 1834 accedo
2687 1815 2709 1848 ,
2775 1781 2954 1856 quae
3001 1755 3276 1830 brevem
3327 1752 3826 1828 enarrationem
3873 1775 4115 1826 eorum

1062 1899 1241 1973 quae
1297 1875 1786 1967 Universitati,
1836 1901 1953 1954 me
1996 1885 2257 1954 rectore
2280 1937 2301 1968 ,
2351 1885 2476 1954 aut
2529 1879 2710 1954 laeta
2755 1883 2882 1953 aut
2931 1875 3156 1952 tristia
3199 1873 3598 1951 acciderunt
3615 1931 3636 1963 ,
3684 1872 4015 1972 postulat.

1155 2113 1267 2186 Ex
1332 2138 1441 2188 am
1447 2113 1761 2214 plissimo
1832 2116 2255 2192 Cui-storum
2322 2116 2615 2216 collegio
2686 2115 3038 2191 neminem
3107 2122 3332 2190 morte
3394 2113 3779 2189 amisimus.
3901 2112 4116 2192 Quod

984 2229 991 2236 ’
1056 2258 1477 2334 magnopere
1522 2236 1895 2327 laetamur,
1948 2263 2171 2337 quum
2211 2239 2426 2337 probe
2469 2238 2729 2313 scimus
2758 2261 2970 2337 quam
3001 2260 3158 2312 cara
3187 2233 3383 2310 vobis
3403 2293 3424 2324 ,
3461 2233 3616 2307 Viri
3639 2231 4112 2331 Amplissimi‚

1055 2354 1225 2430 haee
1278 2363 1513 2431 nostra
1568 2356 1660 2431 sit
1700 2357 2087 2434 Academia
2105 2417 2126 2448 ,
2178 2365 2444 2457 quanto
2500 2357 2734 2434 studio
2775 2357 2926 2432 eius
2977 2355 3327 2456 splendori
3377 2353 3736 2429 consulere
3779 2351 4110 2452 cupiatis,
4245 2363 4250 2368 “

1056 2499 1286 2574 neque
1333 2488 1559 2551 vestra
1595 2477 1997 2578 contingere
2052 2479 2261 2578 culpa
2315 2486 2399 2554 ut
2445 2479 2520 2553 in
2561 2477 2999 2552 institutione
3055 2475 3448 2552 academica
3483 2473 3818 2548 nonnulla
3855 2472 4114 2549 frustra

1055 2602 1558 2695 exspectentur.
1624 2595 1826 2672 Pleni
1866 2597 2089 2673 bonae
2138 2599 2289 2697 spei
2322 2598 2690 2676 commoda
2719 2605 2958 2674 nostra
2994 2595 3406 2697 prudentiae
3433 2594 3858 2693 consilioque
3881 2595 4113 2668 'vestro

1053 2715 1624 2792 commendamus
1686 2725 1759 2792 et
1822 2717 1937 2817 pie
1992 2725 2321 2819 optamus
2375 2727 2448 2794 et
2505 2741 2874 2818 precamur
2919 2725 3000 2792 ut
3049 2716 3174 2793 diu
3221 2715 3420 2792 vobis
3468 2721 3846 2815 suppetant
3893 2713 4070 2788 vires
4091 2770 4112 2803 ,

1058 2833 1319 2935 quibus
1363 2835 1779 2935 dignitatem
1830 2863 1911 2914 ac
1960 2838 2402 2938 splendorem
2449 2838 2870 2914 Academiae
2916 2836 3606 2937 Lugduno·Batavae
3649 2833 3986 2934 augeatis.

1159 3194 1635 3271 Professorum
1698 3196 2011 3273 ordinem
2078 3198 2315 3273 animo
2356 3198 2862 3298 perlustrantes
2907 3198 3086 3273 duos
3133 3195 3608 3271 desideramus
3653 3192 3834 3268 viros
3879 3188 4112 3267 claris·

1060 3314 1273 3391 simos
1291 3374 1314 3406 ,
1356 3340 1785 3393 conatuum
1824 3341 2157 3394 noenum
2200 3342 2351 3393 van
2389 3342 2614 3393 asama
2633 3378 2654 3410 ,
2697 3344 2880 3395 anno
2916 3316 3308 3395 academico
3345 3314 3808 3417 praeterlapso
3832 3316 4114 3412 propter

1058 3442 1357 3513 aetatem
1432 3437 2033 3537 septuagenariam
2104 3438 2280 3514 rude
2351 3440 2692 3515 donatum
2755 3446 2829 3515 et
2877 3436 3277 3514 'moenum
3337 3458 3846 3511 cums-runnu
3899 3453 4070 3507 nsi·
4089 3487 4111 3518 ‚

1058 3556 1397 3656 grandem
1466 3556 1751 3665 quidem
1800 3566 1973 3634 natu
1992 3616 2014 3648 ,
2080 3559 2205 3634 sed
2252 3585 2335 3635 ea
2389 3568 2620 3636 tamen
2680 3568 2906 3637 aetate
2965 3568 3048 3635 ut
3093 3558 3352 3633 multos
3399 3556 3535 3631 sibi
3577 3579 3798 3631 annos
3841 3574 4114 3655 sperare

1059 3698 1264 3774 posse
1326 3676 1711 3767 videretur,
1764 3702 2077 3783 ‘quorum
2147 3687 2439 3780 uterque
2509 3688 2672 3782 post
2727 3706 3108 3781 paucorum
3166 3680 3436 3754 dierum
3499 3676 3820 3753 morbum
3840 3734 3862 3766 ‚
3925 3673 4071 3749 suis
4089 3730 4108 3761 ‚

1058 3795 1224 3872 huic
1271 3796 1691 3872 Academiae
1738 3805 1812 3871 et
1858 3799 2120 3897 patriae
2166 3808 2450 3900 ereptus
2497 3809 2626 3876 est.

1157 3916 1391 3992 Natus
1455 3926 1562 3992 est
1628 3942 2029 3995 CORNELIUS
2103 3943 2412 3995 neonus
2486 3942 2637 3995 van
2700 3941 2928 3995 Assnu
3005 3915 3120 3992 die
3185 3916 3516 4017 vigesimo
3561 3913 3808 4013 quinto
3852 3910 4112 3987 mensis

1061 4036 1375 4136 Augusti
1438 4038 1615 4113 anni
1668 4037 2017 4114 millesimi
2080 4040 2679 4139 septingentesimi
2739 4036 3146 4137 octogesimi
3205 4037 3466 4124 octavi,
3517 4034 3936 4133 Harlingae,
3987 4030 4113 4105 ubi

1062 4165 1261 4255 pater
1324 4156 1475 4232 eius
1541 4157 1677 4233 fuit
1741 4158 1935 4234 verbi
2000 4159 2217 4235 divini
2282 4161 2618 4237 minister.
2723 4160 3114 4259 Septimum
3175 4158 3523 4233 decimum
3581 4176 3795 4253 agens
3845 4174 4110 4227 annum

1064 4276 1139 4351 in
1187 4276 1567 4353 Academia
1584 4336 1604 4367 ‚
1654 4304 1837 4377 quae
1884 4286 2054 4355 tunc
2098 4281 2579 4380 Franequerae
2635 4279 2963 4369 florebat,
3013 4278 3278 4354 litteras
3323 4277 3546 4354 colere
3593 4273 3820 4371 eoepit
3869 4271 4112 4383 ibique

1066 4397 1245 4473 duce
1308 4397 1454 4473 viro
1522 4398 1903 4502 clarissimo
1966 4422 2315 4474 rrnnman
2377 4408 2677 4499 quatuor
2739 4423 2959 4474 annos
3024 4407 3302 4474 strenue
3353 4395 3606 4471 studiis
3657 4404 3938 4493 operam
3987 4414 4112 4465 na-

1064 4518 1269 4595 vavit.
1370 4518 1524 4594 Iam
1594 4542 1676 4593 ea
1748 4526 1975 4594 aetate
2038 4518 2220 4594 inter
2278 4520 2602 4620 aequales
2676 4518 2942 4620 ingenii
2992 4519 3276 4595 dotibus
3323 4512 3740 4601 excellebat,
3787 4512 3863 4587 id
3921 4510 4112 4609 quod

1068 4660 1251 4713 anno
1312 4637 1679 4713 millesimo
1738 4638 2314 4739 octingentesimo
2369 4663 2554 4714 nono
2617 4640 2936 4741 probavit
2981 4638 3260 4740 publice
3299 4637 3584 4712 defensa
3631 4630 4112 4707 dissertatione

1065 4756 1687 4835 inuidiae-literaria
1731 4762 1815 4835 de
1858 4760 2099 4837 Mar‘m·
2140 4760 2354 4836 flidlii
2411 4762 2755 4837 Ciceronis
2795 4763 3126 4837 Oratione
3142 4782 3284 4859 pro
3323 4758 3500 4831 Aulo
3551 4755 3854 4829 Cluentio
3885 4751 4109 4827 Avito.
