4730 6049
1937 653 2503 766 onATIO.
3656 655 3743 723 19

674 864 920 942 Paullo
987 869 1148 964 post
1211 887 1288 938 se
1335 863 1412 938 in
1463 871 1778 940 nostram
1823 862 2282 939 Academiam
2335 861 2633 939 contulit
2650 920 2672 952 ,
2723 862 2851 939 ubi
2902 885 3051 938 vau
3106 887 3257 939 nna
3296 885 3619 940 massan
3664 870 3737 940 et
3745 896 3786 947 s

675 1007 1217 1060 sunmuauac
1235 1041 1256 1073 ‚
1327 984 1489 1060 viris
1553 983 1998 1074 clarissimis,
2082 982 2383 1060 ducibus
2404 1041 2427 1074 ,
2487 983 2625 1058 iuri
2690 1005 2765 1058 se
2828 983 3027 1060 dedit
3086 991 3161 1060 et
3220 985 3735 1084 Franequeram

673 1129 992 1182 reversus
1059 1128 1246 1180 anno
1307 1104 1679 1182 millesimo
1739 1103 2316 1205 octingentesimo
2375 1103 2645 1180 decimo
2717 1128 3028 1180 summos
3090 1104 3167 1179 in
3228 1091 3381 1179 iure
3442 1104 3736 1182 honores
3830 1115 3833 1122 '

675 1223 972 1324 adeptus
1032 1231 1143 1298 est
1202 1223 1504 1298 defensis
1549 1221 2074 1322 quaestionibus
2117 1220 2429 1296 iuridicis
2475 1221 3027 1322 inauguralibus.
3126 1222 3402 1298 Deinde
3448 1223 3733 1326 Hagam

676 1344 973 1419 Comitis
1022 1343 1157 1418 sibi
1207 1343 1555 1419 domicilio
1609 1342 1905 1442 delegit,
1949 1341 2024 1416 in
2069 1366 2212 1440 qua
2257 1341 2433 1416 urbe
2478 1365 2758 1418 reorum
2806 1368 3087 1420 causam
3134 1345 3279 1445 egit
3332 1352 3404 1420 et
3446 1345 3733 1422 iuvenes

675 1463 1046 1539 nonnullos
1093 1486 1464 1563 generosos
1503 1461 1812 1562 antiquis
1857 1461 2072 1537 literis
2088 1519 2110 1552 ,
2161 1487 2463 1560 quarum
2508 1487 2781 1562 semper
2828 1464 3169 1566 flagrabat
3211 1490 3445 1541 amore
3460 1523 3481 1555 ,
3532 1465 3730 1542 insti·

677 1583 832 1660 tuit.
931 1583 1316 1682 Postquam
1362 1590 1600 1660 autem
1639 1607 1822 1658 anno
1855 1581 2068 1658 huius
2109 1582 2367 1658 saeculi
2409 1582 2681 1659 decimo
2724 1584 2928 1660 tertio
2948 1643 2969 1675 ,
3010 1585 3466 1684 Napoleontis
3500 1610 3729 1662 senes·

673 1702 996 1780 centibus
1049 1703 1262 1780 rebus
1279 1763 1300 1792 ‚
1325 1705 1594 1803 ‘populi
1646 1703 1858 1778 veluti
1906 1727 1945 1778 e
1992 1726 2235 1777 somno
2285 1703 2667 1802 experrecti
2710 1729 2784 1780 se
2827 1705 2902 1780 in
2952 1704 3344 1780 libertatem
3388 1705 3731 1781 vindicare

673 1833 1050 1924 coeperunt
1107 1823 1358 1899 ducem
1425 1849 1498 1899 se
1571 1823 1918 1924 praestitit
1981 1830 2052 1899 et
2101 1829 2383 1900 strenue
2426 1849 2703 1926 operam
2752 1825 2950 1900 dedit
2992 1832 3076 1900 ut
3124 1825 3307 1901 cives
3352 1824 3731 1926 provincia·

671 1969 830 2020 rum
911 1944 1553 2045 septentrionalium
1619 1944 1882 2045 patriae
1945 1944 2190 2020 eodem
2261 1943 2663 2020 incenderet
2730 1944 2985 2020 stadie.
3102 1945 3317 2054 Quod
3380 1970 3600 2045 quum
3670 1947 3739 2022 ei

672 2087 997 2164 prospere
1065 2063 1384 2140 cessisset
1446 2063 1638 2140 brevi
1703 2071 1864 2164 post
1928 2064 2256 2140 omnibus
2311 2064 2856 2164 suffragantibus
2915 2065 3307 2164 adscriptus
3348 2075 3455 2142 est
3496 2067 3735 2166 Eques

676 2183 928 2258 Ordini
995 2183 1252 2260 Leonis
1326 2184 1617 2284 Belgici.
1738 2186 1952 2261 Plura
2015 2185 2340 2284 deinceps
2413 2184 2590 2260 obiit
2654 2209 2964 2263 munera.
3083 2187 3294 2261 Anno
3371 2185 3735 2261 millesimo

673 2302 1248 2402 octingentesimo
1322 2303 1592 2378 decimo
1655 2305 1903 2404 quinto
1974 2305 2358 2404 principem
2416 2305 2864 2380 Fredericum
2930 2306 3004 2380 in
3058 2306 3237 2382 hanc
3282 2306 3739 2382 Academiam

671 2423 1042 2500 comitatus
1107 2430 1216 2497 est
1283 2422 1488 2522 eique
1546 2423 1964 2522 professores
2023 2423 2338 2498 audienti
2398 2422 2489 2498 ab
2562 2423 2871 2521 epistolis
2940 2424 3077 2499 fuit
3097 2459 3124 2514 3
3168 2425 3377 2501 matri
3422 2423 3738 2525 Augusti

673 2543 892 2620 nostri
936 2543 1156 2644 Regis
1193 2544 1446 2619 Annae
1479 2543 1898 2620 Paulownae
1943 2543 2303 2618 historiam
2347 2529 2421 2618 et
2467 2543 2700 2618 literas
2744 2543 3034 2618 tradidit
3077 2546 3431 2646 Belgicas‚
3482 2553 3553 2620 et
3584 2547 3735 2620 -Re-

673 2664 1100 2740 ferendarius
1133 2663 1480 2740 secundae
1513 2663 1750 2740 classis
1786 2664 2164 2738 Minister-ii
2203 2665 2473 2738 Rerum
2519 2665 2965 2738 Internarum
3010 2659 3121 2739 est
3160 2674 3453 2742 creatus.
3523 2666 3735 2740 Anno
3780 2720 3785 2732 .

675 2785 1042 2860 millesimo
1083 2782 1660 2884 octingentesimo
1706 2783 2040 2885 vigesimo
2077 2784 2307 2885 primo
2354 2783 2525 2858 iuris
2566 2783 2894 2860 cathedra
2940 2783 3015 2859 in
3066 2784 3197 2860 hac
3242 2785 3622 2861 Academia
3666 2784 3735 2860 ei

675 2911 784 2980 est
825 2904 1090 2995 oblata,
1146 2929 1358 3004 quam
1407 2905 1826 3004 provinciam
1885 2903 2284 3004 auspicatus
2329 2911 2439 2979 est
2492 2902 2607 2978 die
2655 2902 2987 3004 vigesimo
3024 2927 3209 2979 nono
3254 2905 3517 2982 mensis
3560 2905 3731 3005 Sep-

675 3024 964 3102 tembris
1037 3024 1351 3102 eiusdem
1405 3026 1574 3101 anni
1635 3026 1928 3102 solemni
1986 3026 2294 3101 oratione
2347 3028 2435 3101 de
2491 3027 2716 3101 studio
2775 3026 2973 3101 Iuris
3038 3026 3338 3102 Romani
3396 3028 3517 3102 boc
3586 3028 3735 3126 ipso

656 3134 967 3246 'tempore
1033 3148 1398 3247 dilzyenter
1466 3149 1731 3222 tuendo,
1831 3146 2256 3223 Mandatum
2309 3152 2418 3221 est
2481 3146 2549 3221 ei
2606 3147 2734 3220 Ius
2790 3146 3192 3222 Romanum
3242 3155 3315 3222 et
3360 3149 3489 3223 Ius
3539 3147 3738 3223 civile

670 3264 1087 3343 hodiernum
1109 3324 1132 3357 ,
1199 3266 1392 3365 quod
1459 3291 1720 3343 munus
1784 3266 2074 3368 triginta
2145 3274 2414 3367 septem
2476 3266 2843 3341 continuos
2886 3289 3108 3341 annos
3149 3266 3347 3343 obiit.
3447 3269 3537 3343 In
3590 3292 3731 3369 quo

675 3386 1024 3487 quomodo
1087 3386 1180 3463 sit
1249 3394 1560 3462 versatus
1621 3394 1974 3463 testantur
2031 3386 2192 3463 libri
2211 3444 2232 3477 ,
2297 3388 2373 3463 in
2419 3386 2681 3488 quibus
2734 3385 3121 3463 doctrinam
3168 3412 3367 3463 suam
3409 3386 3501 3463 ad
3544 3373 3729 3464 com-

674 3524 962 3583 munem
1033 3506 1348 3583 omnium
1415 3532 1624 3583 usum
1702 3508 2048 3609 prodidit,
2121 3513 2422 3583 testatur
2482 3530 2763 3607 quoque
2816 3506 2987 3583 haec
3038 3530 3151 3581 res
3167 3565 3188 3596 ,
3240 3507 3431 3606 quod
3484 3531 3731 3607 quam-

677 3652 892 3727 quam
945 3627 1123 3702 rude
1182 3627 1482 3703 donatus
1542 3653 1667 3728 per
1725 3653 1990 3703 annum
2048 3627 2190 3704 fere
2237 3628 2665 3704 institutioni
2717 3628 3067 3705 studiosae
3107 3628 3493 3707 iuventutis
3529 3654 3729 3731 prae-

545 3775 556 3787 ·
675 3746 850 3835 fuit,
919 3770 1143 3847 usque
1211 3772 1295 3823 eo
1362 3747 1594 3847 quoad
1657 3748 1960 3849 collegae
2023 3749 2373 3849 designati
2442 3750 2509 3825 ei
2568 3748 2935 3825 succedere
2972 3755 3374 3849 potuerunt.
3476 3750 3727 3829 Qualis

677 3866 888 3942 fuerit
949 3890 1096 3941 vm
1163 3890 1392 3942 Assnu
1456 3868 1530 3943 in
1602 3867 1774 3945 iuris
1847 3866 2210 3970 disciplina
2228 3928 2250 3961 ,
2313 3870 2393 3945 in
2462 3868 2717 3958 literis,
2790 3891 3005 3967 quam
3062 3867 3240 3943 bene
3298 3868 3591 3945 meritus
3636 3870 3732 3968 de

677 3988 900 4087 patria
948 4012 1088 4062 non
1139 3995 1247 4063 est
1295 4012 1534 4064 meum
1577 3989 2012 4089 praedicare,
2077 4014 2306 4090 neque
2351 3990 2429 4065 id
2472 4015 2513 4065 a
2564 4014 2681 4064 me
2730 3988 3147 4088 exspectatis
3170 4046 3191 4078 ,
3245 3988 3334 4066 A.
3385 3992 3471 4068 Η.
3566 3990 3727 4067 Hoc

675 4114 955 4183 tantum
1017 4108 1273 4183 addere
1339 4109 1514 4184 mihi
1573 4109 1778 4185 liceat
1837 4134 2001 4187 eum
2063 4110 2138 4185 in
2195 4109 2551 4209 republica
2595 4110 2696 4185 ita
2750 4131 2902 4183 esse
2947 4116 3297 4185 versatum
3349 4117 3431 4186 ut
3467 4110 3728 4187 Nassa·

677 4226 986 4303 visarum
1033 4250 1306 4327 semper
1352 4226 1562 4302 fuerit
1603 4228 1907 4327 partium
1920 4286 1941 4317 ,
1989 4252 2070 4304 ac
2109 4228 2342 4329 regiae
2378 4228 2742 4329 potestatis
2783 4227 3048 4319 fautor,
3098 4252 3379 4306 aversus
3426 4255 3469 4306 a
3512 4230 3725 4306 rebus

679 4346 1016 4423 novandis
1051 4354 1268 4445 atque
1305 4346 1498 4421 omni
1533 4346 1908 4423 immodica
1947 4348 2297 4436 libertate,
2344 4371 2577 4449 neque
2610 4353 2889 4423 tantum
2930 4347 3199 4424 bonum
3239 4349 3457 4425 fuisse
3502 4350 3719 4425 civem

683 4464 806 4541 sed
847 4464 1252 4565 scriptorem
1301 4462 1872 4541 venustissimum
1911 4472 1986 4542 et
2028 4466 2553 4566 politissimum,
2602 4466 2677 4541 in
2716 4466 2911 4542 omni
2952 4466 3255 4567 denique
3293 4469 3437 4545 vita
3474 4492 3731 4568 magna

684 4608 954 4685 semper
1005 4584 1220 4661 fuisse
1273 4583 1671 4661 urbanitate
1689 4642 1709 4673 ,
1759 4584 2170 4662 liberalitate
2190 4645 2212 4677 ,
2260 4588 2521 4687 pietate
2568 4588 2645 4665 in
2687 4588 2945 4662 Deum.

779 4706 1034 4805 Neque
1099 4704 1440 4781 minorem
1503 4704 1900 4805 nupcm'me
1967 4708 2234 4808 aceepit
2298 4708 2607 4785 dolorem
2664 4714 2903 4783 nostra
2965 4704 3348 4783 Academia
3408 4734 3451 4785 e
3510 4718 3733 4787 morte

683 4822 1156 4925 inexspectata
1193 4824 1348 4901 Viri
1395 4825 1506 4902 cl.
1551 4848 1726 4901 xrs-'r
1765 4825 1840 4901 in
1878 4826 2148 4904 Facult.
2191 4826 2611 4929 Theologica
2648 4824 3061 4903 Professoris
3106 4826 3477 4907 Ordinarii.
3600 4876 3609 4889 ·

3304 4952 3350 5025 3
3364 4950 3410 5000 s
