4730 6049
1835 657 2396 728 ORATIO.
3560 661 3646 730 7-3

593 875 770 944 tunt.
873 868 960 942 In
1023 864 1134 942 his
1197 889 1421 964 quum
1475 871 1701 942 certae
1747 864 1981 966 potius
2037 863 2247 940 alicui
2295 887 2545 940 causae
2597 889 2810 964 quam
2855 865 2993 942 iuri
3040 891 3123 943 ac
3174 867 3444 944 veritati
3488 891 3643 966 par·

591 997 694 1064 tes
737 987 1096 1064 consulere
1153 986 1452 1076 soleant,
1501 1009 1716 1085 quam
1763 983 2066 1060 maxime
2100 983 2615 1084 praeconceptis
2654 984 3101 1085 opinionibus
3136 984 3642 1086 interpretatio-

589 1133 746 1184 nem
796 1131 1034 1182 veram
1087 1131 1168 1182 ac
1215 1105 1476 1180 iustam
1525 1104 1898 1206 periclitari
1951 1112 2196 1203 sponte
2251 1111 2559 1204 apparet.
2662 1103 2778 1180 Sic
2826 1129 2987 1182 vero
3042 1104 3317 1205 saepius
3366 1114 3644 1181 senten-

590 1228 724 1303 tiae
791 1225 936 1302 vim
1007 1224 1328 1302 strictiori
1377 1225 1487 1300 vel
1529 1226 1760 1302 nudae
1809 1224 2175 1300 verborum
2223 1222 2711 1322 significationi
2759 1223 3107 1300 immerito
3152 1224 3395 1300 cedere
3413 1283 3435 1315 ,
3483 1249 3640 1325 pro-

589 1345 758 1422 bant
801 1345 986 1422 inter
1035 1345 1170 1422 alia
1217 1368 1601 1420 orons-oms
1649 1346 1738 1420 de
1781 1346 2114 1420 ICtorum
2159 1343 2527 1420 calumniis
2573 1343 3063 1442 querimoniae.
3113 1385 3211 1404 -
3254 1345 3369 1420 Ne
3406 1351 3641 1421 tamen

590 1467 748 1566 quis
786 1472 1020 1565 putet,
1073 1475 1154 1540 ut
1193 1465 1324 1542 hoc
1363 1466 1604 1542 statim
1645 1465 1902 1541 addam
1920 1522 1939 1554 ,
1985 1472 2515 1563 praeconceptas
2556 1464 2712 1540 illas
2758 1464 3119 1564 opiniones
3139 1522 3159 1555 ,
3208 1489 3323 1540 me
3368 1465 3637 1555 iudice,

589 1611 633 1660 a
673 1584 1022 1661 doctrinae
1073 1585 1552 1660 controversiis
1592 1585 1928 1660 exsulare.
2029 1581 2320 1677 Utinam
2364 1608 2608 1662 verum
2648 1585 2867 1660 esset!
2967 1586 3223 1660 Nonne
3262 1585 3443 1661 eheu
3478 1586 3645 1686 plus

589 1729 809 1804 aequo
877 1705 998 1793 fit,
1073 1712 1155 1778 ut
1221 1704 1604 1781 doctissimi
1673 1703 1800 1780 viri
1857 1704 1948 1780 ab
2001 1711 2296 1803 utraque
2339 1711 2537 1803 parte
2590 1704 2691 1779 ita
2729 1703 2819 1778 de
2861 1703 3013 1779 iure
3068 1704 3466 1805 disputent,
3520 1712 3638 1796 ut,

587 1824 1100 1924 praeconceptis
1139 1823 1583 1924 opinionibus
1623 1824 2030 1901 obnubilato
2069 1823 2385 1922 ingenio,
2438 1847 2639 1900 suam
2672 1821 2971 1923 quisque
3006 1824 3401 1925 opinionem
3440 1825 3641 1925 quasi

583 1943 1056 2019 indubitatam
1105 1943 1454 2020 mordicus
1503 1944 1883 2019 defendat?
3008 2013 3014 2020 .

681 2061 870 2137 Dein
915 2060 1266 2138 doctrinae
1312 2062 1866 2137 hermeneuticae
1881 2119 1902 2150 ,
1951 2085 2164 2160 quam
2202 2060 2673 2137 memorabam
2690 2119 2710 2152 ,
2760 2063 3112 2141 distinctio
3155 2063 3415 2139 auxilio
3452 2063 3645 2140 venit

557 2161 889 2256 'maxime
945 2182 1034 2256 iis
1091 2182 1216 2281 qui
1273 2182 1606 2282 scriptum
1668 2181 2036 2257 defendere
2093 2182 2443 2258 amabant.
2542 2171 2827 2257 Etenim
2878 2183 3389 2261 distinctionem
3446 2183 3643 2260 illam

582 2299 1172 2400 interpretationis
1218 2301 1294 2377 in
1343 2302 1870 2400 grammaticam
1925 2310 1998 2377 et
2039 2303 2332 2402 logicam
2383 2303 2492 2378 vel
2542 2303 2673 2378 hoc
2724 2329 2935 2380 sensu
2986 2310 3399 2404 acceperunt
3450 2305 3645 2380 haud

583 2421 792 2520 pauci
855 2428 938 2496 ut
999 2445 1086 2495 ex
1145 2421 1282 2496 sibi
1341 2421 1634 2497 invicem
1700 2420 1902 2522 quasi
1965 2422 2303 2523 oppositis
2365 2409 2865 2524 interpretandi
2928 2424 3315 2499 rationibus
3331 2482 3352 2512 ,
3419 2423 3645 2524 logica

581 2547 864 2616 tantum
926 2540 1002 2614 in
1069 2538 1461 2616 subsidium
1517 2542 1824 2618 vocanda
1879 2543 1970 2616 sit
1986 2575 2006 2632 ;
2073 2543 2184 2618 vel
2244 2543 2481 2617 minus
2538 2553 2853 2620 accurate
2902 2545 3151 2619 sumtis
3173 2602 3195 2634 ,
3264 2545 3597 2620 technicis
3619 2603 3641 2634 ,

585 2685 764 2761 quae
803 2661 1164 2751 dicuntur,
1213 2661 1372 2738 istis
1411 2661 1672 2752 verbis,
1723 2664 1942 2764 loyica
1987 2688 2060 2739 se
2099 2662 2661 2763 interpretatione
2705 2663 2812 2737 uti
2850 2671 3192 2762 putarunt
3236 2664 3359 2763 qui
3398 2664 3640 2762 loqice,

581 2782 628 2857 i.
675 2805 738 2858 e.
791 2781 1178 2857 secundum
1237 2781 1518 2881 regulas
1565 2781 1956 2858 dialectices
1975 2840 1997 2872 ,
2063 2782 2431 2857 verborum
2481 2805 2766 2857 sensum
2820 2782 3223 2873 definirent,
3274 2782 3363 2858 de
3408 2781 3641 2882 inqui-

580 2901 801 2977 rendo
845 2907 954 3001 τῷ
1001 2903 1210 3002 λόγῳ
1256 2910 1394 2978 τοῦ
1440 2905 1692 2998 νόμον
1740 2927 1986 3002 parum
2037 2901 2330 2978 solliciti.

681 3023 815 3097 Est
857 3022 1164 3123 denique
1213 3023 1388 3099 dura
1439 3023 1780 3123 quaedam
1829 3023 2204 3101 necessitas
2258 3047 2439 3123 quae
2487 3021 2715 3098 verbis
2763 3020 3053 3099 nimiam
3100 3047 3303 3122 saepe
3348 3021 3644 3099 auctori-

585 3150 806 3219 tatem
878 3142 1146 3219 tribuit.
1247 3145 1868 3222 Quemadmodum
1941 3170 1984 3219 a
2047 3142 2274 3219 verbis
2350 3142 2635 3242 quaevis
2720 3142 3193 3243 interpretatio
3272 3143 3647 3219 voluntatis

581 3264 842 3363 scripto
904 3261 1288 3363 declaratae
1362 3264 1649 3364 incipiat
1713 3288 1994 3340 necesse
2061 3270 2198 3357 est,
2278 3271 2350 3339 et
2428 3263 2572 3339 sola
2642 3262 2851 3337 verba
2915 3262 3222 3362 primum
3291 3263 3651 3365 interpreti

579 3383 1066 3473 innotescant,
1137 3382 1336 3459 facile
1401 3384 1630 3459 evenit
1694 3390 1776 3459 ut
1832 3384 1910 3459 in
1969 3384 2338 3460 verborum
2388 3381 2781 3483 cognitione
2834 3383 3221 3459 subsistens
3268 3384 3494 3459 verbis
3538 3383 3647 3457 in-

577 3502 900 3592 haereat,
951 3502 1176 3579 multo
1220 3527 1381 3579 vero
1429 3504 1722 3579 maiores
1768 3503 2209 3579 difficultates
2257 3501 2515 3602 quibus
2562 3502 2817 3577 mentis
2863 3502 3303 3602 investigatio
3349 3502 3651 3578 obnoxia

580 3628 732 3710 est,
783 3621 932 3696 sive
979 3646 1122 3696 non
1168 3622 1424 3697 audeat
1475 3623 1618 3698 sive
1662 3647 1802 3698 non
1849 3622 2100 3722 possit,
2153 3646 2476 3723 superare
2519 3647 2659 3697 non
2712 3629 3019 3699 conetur.
3125 3622 3318 3701 Quin
3361 3619 3507 3698 imo
3552 3622 3647 3697 ad

578 3741 958 3817 verborum
1008 3742 1219 3817 etiam
1264 3750 1524 3819 rectam
1570 3742 2133 3842 intelligentiam,
2183 3766 2272 3817 ne
2319 3742 2502 3818 clara
2544 3748 2705 3817 ante
2752 3742 3118 3819 videantur
3160 3766 3374 3842 quam
3411 3766 3648 3819 revera

579 3861 764 3950 sint,
839 3870 995 3936 tum
1060 3861 1387 3939 historiae
1443 3869 1598 3938 tum
1658 3862 1988 3963 temporis
2046 3886 2189 3961 quo
2248 3861 2439 3960 leges
2496 3861 2815 3937 conditae
2864 3871 3030 3938 sunt
3050 3922 3071 3953 ,
3140 3872 3297 3937 tum
3347 3862 3648 3961 denique

579 3980 808 4057 totius
851 3980 1250 4080 systematis
1291 3982 1492 4057 cuius
1543 4006 1860 4082 quaeque
1910 3981 2025 4057 lex
2076 3980 2276 4080 quasi
2317 4005 2480 4079 pars
2530 3987 2639 4056 est
2683 3981 2790 4057 vel
2839 3982 2975 4057 fuit
2994 4034 3016 4075 ,
3064 3980 3368 4081 cognitio
3413 3980 3644 4081 requi·

575 4100 766 4175 ritur
807 4099 968 4176 talis
1035 4108 1119 4175 ut
1176 4126 1384 4176 omne
1445 4101 1586 4177 fere
1645 4101 1961 4177 studium
2028 4124 2362 4176 novarum
2427 4100 2666 4199 legum
2683 4158 2705 4190 ,
2776 4126 2819 4177 a
2878 4102 3261 4201 peregrinis
3302 4102 3645 4201 imprimis

575 4228 1020 4321 receptarum
1085 4220 1466 4321 linguaque
1535 4221 1898 4319 peregrina
1963 4220 2371 4320 scriptarum
2392 4277 2414 4309 ,
2479 4246 2522 4295 a
2586 4220 2733 4295 sola
2785 4222 3153 4298 verborum
3199 4222 3644 4322 indagatione

575 4339 893 4440 incipere
937 4340 1223 4430 debeat,
1271 4340 1586 4441 illudque
1645 4340 1959 4416 studium
2013 4363 2200 4416 mere
2254 4339 2690 4440 exegeticum
2710 4399 2731 4431 ,
2782 4366 2995 4439 quam
3049 4343 3351 4441 primum
3406 4364 3641 4416 neces·

577 4458 774 4535 sario
817 4457 1158 4559 acceperit
1201 4445 1683 4537 auctoritatem
1707 4519 1728 4551 ,
1778 4460 2044 4536 diutius
2089 4484 2298 4559 quam
2354 4484 2482 4560 par
2526 4466 2637 4535 est
2654 4517 2674 4550 ,
2724 4461 3038 4536 retineat.

684 4696 1156 4773 Difficultates
1173 4754 1196 4789 ,
1261 4698 1522 4798 quibus
1584 4707 1814 4776 rectus
1879 4699 2160 4800 regulae
2216 4705 2491 4775 nostrae
2553 4722 2725 4775 usus
2783 4695 2975 4797 apud
3033 4696 3386 4769 Romanos
3443 4699 3517 4767 et
3565 4692 3642 4768 in

575 4816 762 4893 iuris
811 4816 1116 4893 Romani
1166 4818 1423 4919 recepti
1473 4819 1927 4919 explicatione
1988 4817 2213 4919 premi
2259 4816 2559 4892 vidimus
2574 4874 2595 4906 ,
2663 4840 2803 4893 non
2858 4814 3157 4890 minores
3205 4812 3316 4888 vel
3353 4812 3641 4889 leviores

3208 4936 3303 5007 10
