4730 6049
1866 651 2430 722 ORATIO.
3551 650 3683 722 321

622 885 925 940 sunan
966 859 1311 938 industria
1354 867 1429 938 et
1464 885 1675 964 opera
1694 921 1715 952 ,
1764 869 1925 962 post
1970 886 2327 940 smum
2367 862 2580 940 etiam
2617 861 3124 964 oppositionem
3147 921 3170 953 ,
3216 859 3679 938 constitutum

620 984 891 1060 huncce
955 983 1187 1058 locum
1238 981 1479 1060 videri.
1577 982 1763 1060 Iuris
1824 981 2053 1058 fontes
2116 992 2323 1060 suntz
2392 985 2824 1060 consuetudo
2842 1042 2865 1074 ,
2929 983 3042 1060 lex
3059 1041 3080 1072 ,
3145 1007 3314 1060 usus
3361 981 3674 1060 forensis.

620 1104 710 1178 In
772 1103 963 1180 hisce
1007 1101 1235 1178 tribus
1280 1126 1433 1178 sese
1484 1102 1785 1202 explicat
1830 1110 1905 1178 et
1952 1102 2436 1180 manifestatur
2478 1103 2718 1204 populi
2737 1163 2758 1194 ,
2805 1103 3252 1204 Legislatoris
3271 1161 3292 1192 ,
3343 1103 3676 1180 ICtorum

620 1222 997 1324 persuasio.
1072 1221 1524 1324 Singulorum
1562 1222 1815 1300 horum
1850 1221 2151 1298 fontium
2188 1223 2388 1300 dotes
2402 1281 2425 1313 ,
2475 1233 2766 1313 natura,
2815 1231 3164 1300 structura
3179 1281 3202 1313 ,
3253 1223 3430 1312 fata,
3478 1223 3675 1300 vicis·

628 1343 973 1420 situdines
1016 1342 1295 1444 egregie
1338 1349 1805 1443 exponuntur.

718 1463 863 1538 &d
914 1487 1221 1564 quanam
1264 1487 1341 1540 re
1390 1462 1637 1540 haecce
1671 1462 2027 1564 persuasio
2070 1462 2572 1540 determinatur
2607 1461 3072 1562 definiturque
3093 1520 3116 1552 ,
3163 1487 3289 1538 cur
3319 1461 3676 1561 persuasio

628 1582 745 1660 illa
792 1581 1223 1660 observanda
1236 1583 1273 1658 Ρ

718 1701 839 1777 Ad
898 1699 1105 1776 hasce
1158 1699 1601 1800 quaestiones
1659 1700 2072 1801 respondere
2126 1701 2504 1801 dedignata
2543 1709 2652 1776 est
2691 1700 2834 1776 fere
2883 1701 3114 1778 schola
3161 1701 3504 1777 historica.
3583 1701 3679 1778 Et

622 1843 785 1896 cum
848 1817 1015 1895 inde
1080 1819 1171 1895 ab
1228 1843 1413 1896 anno
1478 1820 1689 1898 huius
1734 1821 1993 1898 saeculi
2038 1821 2572 1922 quadragesimo
2621 1821 2752 1898 hae
2795 1821 3236 1921 quaestiones
3281 1846 3324 1897 a
3369 1844 3672 1896 ammo

622 1940 915 2040 eiusque
980 1939 1340 2041 discipulis
1400 1929 1651 2037 agitari
1696 1949 1979 2042 coeptae
2033 1949 2229 2017 erant
2246 1999 2267 2028 ‚
2330 1940 2460 2016 hac
2503 1965 2579 2016 re
2630 1939 2784 2040 ipsa
2827 1941 3060 2018 schola
3107 1941 3336 2016 deleta
3379 1949 3452 2016 et
3495 1941 3674 2017 anti-

622 2068 836 2160 quata
881 2059 1171 2136 videtur.
1272 2061 1425 2136 Iam
1466 2060 1651 2137 enim
1702 2061 1910 2138 istam
1962 2060 2442 2162 quaestionem
2487 2069 2802 2138 auctores
2849 2062 3240 2140 tractabant
3295 2086 3338 2137 a
3389 2061 3676 2138 diversis

623 2204 911 2280 prorsus
957 2179 1247 2281 profecti
1292 2179 1512 2256 initiis
1528 2239 1549 2270 ,
1598 2205 1727 2258 nec
1776 2189 2011 2256 tamen
2062 2179 2333 2256 diversa
2379 2179 2646 2256 ratione
2695 2179 3075 2256 solvebant.

716 2301 873 2376 Nec
938 2299 1291 2376 haec-res
1358 2323 1659 2378 ammo
1730 2301 1895 2377 vitio
1957 2301 2305 2376 vertenda.
2405 2299 2706 2376 Etiamsi
2771 2299 3111 2400 principia
3130 2358 3151 2389 ,
3225 2325 3407 2401 quae
3475 2308 3681 2378 antea

624 2428 911 2497 secutus
956 2426 1103 2498 erat
1122 2479 1143 2510 ,
1190 2420 1579 2510 reiecisset,
1630 2445 1769 2496 non
1818 2421 1999 2496 hanc
2054 2419 2273 2495 solam
2324 2418 2418 2494 ob
2463 2444 2748 2495 causam
2801 2445 3218 2520 magnopere
3267 2429 3456 2497 esset
3501 2423 3679 2497 vitu·

620 2539 993 2639 parandus.
1092 2539 1237 2616 Sed
1296 2540 1449 2640 ipse
1514 2540 1851 2641 singulari
1906 2538 2295 2616 constantia
2340 2563 2552 2628 usus,
2620 2539 2766 2631 via,
2817 2565 2958 2639 qua
3001 2541 3216 2615 semel
3261 2541 3680 2630 incesserat,

624 2684 899 2762 semper
970 2685 1379 2760 progressus
1457 2684 1609 2738 esse
1686 2660 2025 2736 dicendus
2102 2667 2229 2737 est.
2349 2659 2668 2734 Primum
2745 2658 3184 2759 propioribus
3259 2659 3678 2760 indagandis

624 2781 851 2856 causis
908 2788 1279 2856 contentus
1298 2839 1319 2870 ,
1390 2780 1642 2856 deinde
1692 2782 1979 2857 demum
2022 2780 2115 2854 ad
2158 2778 2562 2855 remotiores
2605 2778 2914 2854 accessit.
3015 2779 3094 2852 Si
3141 2803 3290 2854 rem
3333 2780 3466 2854 rite
3523 2805 3678 2878 per-

626 2899 949 3000 penderis
970 2958 991 2989 ,
1026 2899 1207 2976 inter
1246 2926 1321 2976 se
1356 2903 1759 3003 conspirant
1799 2900 2033 2976 omnia
2074 2899 2227 2976 eius
2272 2920 2519 2999 opera,
2559 2923 2736 2998 quae
2779 2919 2904 2998 per
2947 2899 3308 2998 sexaginta
3339 2923 3684 2974 annorum

628 3019 933 3121 spatium
1002 3021 1225 3097 edidit
1288 3021 1459 3121 ipse.
1562 3023 1631 3099 Ο
1690 3020 1867 3097 mira
1912 3019 2205 3097 felicitas
2254 3046 2381 3121 per
2431 3018 2791 3121 sexaginta
2841 3044 3059 3095 annos
3113 3019 3295 3093 inter
3350 3019 3563 3095 duces
3607 3031 3682 3095 et

626 3141 971 3241 principes
1010 3142 1085 3215 in
1128 3142 1530 3241 disciplina,
1580 3142 1697 3219 cui
1738 3142 1950 3218 vitam
1988 3141 2335 3241 impendis
2354 3200 2376 3231 ,
2429 3142 2608 3216 viros
2649 3141 2990 3241 conspici,
3040 3164 3314 3241 semper
3351 3140 3679 3241 praeiisse

631 3268 701 3335 et
748 3262 1157 3359 praetulisse
1210 3262 1409 3363 signa
1430 3321 1451 3350 ‚
1500 3270 1573 3337 et
1620 3270 1858 3339 tamen
1910 3286 2185 3360 semper
2230 3262 2536 3337 eundem
2582 3260 2891 3335 tenuisse
2943 3284 3248 3337 cursum.

726 3379 871 3455 Sed
918 3380 1051 3455 hoc
1098 3389 1259 3457 utut
1302 3389 1411 3455 est
1432 3440 1453 3471 ,
1501 3406 1629 3482 per
1668 3381 2003 3458 decennia
2040 3382 2132 3457 ad
2184 3382 2624 3481 quaestiones
2645 3438 2666 3469 ,
2718 3405 2858 3480 qua
2906 3404 2982 3455 re
3025 3379 3410 3455 efficiantur
3452 3402 3675 3480 popu·

631 3498 881 3576 larium
896 3558 917 3589 ,
983 3490 1533 3601 Legislatorum,
1604 3498 1941 3579 ICtorum
1996 3526 2406 3579 communes
2467 3501 2641 3577 istae
2707 3498 3186 3601 persuasiones
3204 3557 3225 3588 ,
3301 3522 3680 3599 quamnam

632 3641 759 3695 nos
822 3620 1181 3720 obligandi
1248 3622 1385 3696 vim
1458 3620 1761 3699 habeant
1776 3681 1799 3711 ,
1867 3621 2011 3697 fere
2086 3646 2227 3699 non
2304 3621 2662 3722 respondit
2735 3619 2968 3695 schola
3037 3618 3378 3695 historica.
3493 3618 3683 3695 Cum

632 3747 871 3815 autem
930 3740 1135 3816 hasce
1188 3765 1331 3817 non
1396 3741 1769 3843 attingeret
1829 3743 2267 3842 quaestiones
2328 3751 2402 3817 et
2451 3743 2674 3817 solum
2727 3745 2994 3815 teneret
3041 3762 3248 3813 omne
3297 3738 3410 3813 ius
3459 3737 3681 3815 homi·

632 3882 807 3935 num
852 3859 983 3935 niti
1020 3859 1463 3959 persuasione
1483 3920 1504 3951 ,
1550 3862 1795 3939 multis
1838 3862 2075 3961 opinio
2126 3861 2453 3937 subnasci
2503 3860 2791 3947 debuit,
2841 3882 2929 3933 ex
2975 3857 3127 3933 eius
3175 3859 3518 3933 sententia
3561 3858 3640 3933 id
3657 3916 3680 3948 ,

634 3976 825 4077 quod
868 3978 1185 4053 homines
1218 3978 1429 4053 rudes
1447 4037 1467 4066 ,
1506 3980 1769 4057 indocti
1784 4037 1805 4068 ,
1841 3979 2183 4079 imperiti,
2230 3988 2536 4056 errantes
2553 4037 2574 4068 ,
2611 3986 2972 4079 peccantes
3009 3978 3278 4054 iustum
3312 3976 3684 4054 habuerint

634 4104 707 4171 et
774 4096 1297 4187 constituerint,
1368 4098 1547 4173 hanc
1616 4096 1835 4175 solam
1902 4098 1995 4173 ob
2060 4123 2343 4175 causam
2410 4123 2538 4199 pro
2602 4098 2790 4175 iusto
2857 4124 2902 4175 a
2969 4097 3174 4173 nobis
3238 4123 3390 4174 esse
3443 4097 3678 4173 obser-

638 4216 967 4293 vandum.

732 4336 895 4411 Hoc
960 4334 1020 4409 si
1083 4340 1443 4413 teneamus
1461 4395 1484 4427 ,
1552 4334 2009 4436 intelligimus
2073 4360 2251 4437 quas
2314 4336 2695 4437 qualesque
2755 4337 2892 4412 iras
2951 4344 3025 4411 et
3085 4336 3480 4411 inimicitias
3545 4334 3682 4410 sibi

635 4454 1034 4532 excitaverit
1084 4454 1317 4531 schola
1364 4455 1727 4545 historica3
1797 4479 1921 4531 cur
1981 4456 2349 4556 empiricae
2415 4456 2687 4533 scholae
2741 4480 2996 4533 nomen
3051 4480 3262 4557 quam
3318 4453 3682 4531 historicae

636 4574 869 4674 aptius
954 4574 1323 4674 veriusque
1398 4602 1443 4653 a
1522 4574 1763 4652 multis
1846 4575 1938 4650 sit
2014 4575 2511 4651 existimatum.
2629 4576 2744 4651 Sic
2817 4597 3098 4675 quoque
3177 4573 3634 4673 intelligimus
3657 4632 3678 4663 ,

638 4716 763 4767 cur
848 4714 1155 4769 amun
1227 4693 1665 4795 disciplinam
1736 4693 1968 4771 schola
2034 4694 2357 4771 historica
2437 4701 2635 4771 tanto
2699 4694 3035 4793 acceperit
3107 4702 3344 4794 tepore
3415 4700 3678 4793 quanto

642 4812 863 4889 calore
911 4811 1051 4889 alii.

3247 4938 3343 5011 41
