4730 6049
1040 671 1173 740 336
2164 672 2237 740 Β.
2308 672 2361 740 1.
2431 671 2964 738 GRATAMA

1136 878 1283 952 Alii
1337 878 1489 953 aliis
1538 879 2021 954 laboraverunt
2068 880 2351 954 morbis,
2432 881 2570 954 Sed
2615 906 2820 954 nemo
2867 887 3193 953 nostrum
3242 876 3600 975 discipulis
3645 899 3929 974 prorsus
3981 875 4100 949 de·
4219 939 4226 946 .

1044 999 1181 1073 fuit
1228 999 1393 1075 suia.
3687 1023 3696 1032 ·

1138 1119 1413 1193 Auctus
1456 1119 1629 1193 adeo
1665 1127 1771 1193 est
1810 1120 2228 1218 collegarum
2270 1143 2626 1194 numerus.
2695 1121 2884 1194 Nam
2929 1119 3348 1194 Academiae
3373 1117 3834 1194 curatoribus
3875 1115 4104 1190 visum

1044 1246 1189 1325 est,
1258 1237 1676 1327 triumviris,
1741 1240 1999 1337 quibus
2065 1265 2189 1338 per
2258 1246 2363 1312 tot
2428 1263 2646 1314 annos
2715 1240 3101 1338 theologica
3151 1241 3484 1314 mandata
3526 1237 3663 1312 fuit
3717 1237 4104 1336 provincia,

1041 1365 1366 1456 quartum
1441 1359 1649 1433 etiam
1672 1418 1693 1447 ,
1761 1360 1867 1433 uti
1931 1359 2069 1433 iam
2132 1359 2203 1431 in
2252 1358 2678 1433 medicorum
2739 1367 2810 1433 et
2863 1360 3172 1432 Ictorum
3225 1357 3484 1432 factum
3543 1355 3771 1430 fuerat
3823 1354 4064 1430 ordine
4083 1413 4104 1443 ,

1042 1477 1569 1576 adiungendum
1619 1503 1769 1553 esse
1807 1471 2163 1578 collegam.
2232 1479 2466 1576 Igitur
2499 1487 2619 1566 tu,
2665 1478 2792 1551 Vir
2813 1478 2921 1552 Cl.
2951 1501 3164 1552 mns'r
3215 1501 3580 1565 mauros,
3627 1477 3950 1552 hesterno
3993 1475 4108 1549 die

1050 1597 1340 1670 solemni
1383 1599 1689 1672 oratione
1733 1624 1992 1673 munus
2034 1598 2436 1697 auspicatus
2475 1623 2551 1673 es
2589 1608 2814 1674 tuum.
2916 1600 3214 1672 Munere
3255 1596 3662 1696 gravissimo
3693 1596 3767 1670 in
3809 1596 4107 1696 patriae,

1047 1718 1120 1790 in
1172 1717 1496 1792 ecclesiae
1517 1777 1537 1805 ,
1586 1719 1659 1792 in
1704 1719 2095 1793 academiae
2119 1778 2139 1806 ,
2188 1720 2259 1792 in
2305 1727 2502 1792 tuam
2547 1720 2841 1794 salutem
2893 1718 3207 1817 fungaris
3263 1717 3408 1794 diu.

1150 1839 1225 1910 Si
1280 1839 1630 1913 neminem
1674 1865 1759 1913 ex
1812 1839 2053 1914 ordine
2095 1846 2331 1914 nostro
2375 1839 2889 1927 desideramus,
2943 1839 3002 1912 si
3038 1845 3286 1913 auctus
3333 1838 3508 1913 adeo
3541 1845 3651 1912 est
3687 1837 4108 1937 collegarum

1050 1982 1425 2046 numerus,
1493 1969 1699 2047 tuna,
1763 1959 1890 2032 Vir
1948 1961 2054 2034 Cl.
2114 1983 2265 2034 vm
2322 1962 2540 2034 anas!
2606 1960 2930 2034 imminet
2987 1959 3352 2033 discessus.
3451 1957 3739 2032 Nemini
3793 1966 4112 2032 nostrum

1052 2079 1308 2152 mirum
1369 2079 1620 2154 accidit
1673 2090 1742 2154 te
1805 2079 2262 2154 Ultraiectum
2327 2082 2634 2167 evocari,
2701 2081 2936 2154 minus
2992 2079 3204 2153 etiam
3271 2090 3340 2152 te
3401 2078 3710 2152 oblatum
3768 2077 4112 2176 accepisse

1056 2198 1409 2272 honorem.
1508 2200 1761 2272 Multis
1806 2199 2207 2273 nominibus
2262 2199 2724 2274 Ultraiectum
2771 2206 2974 2272 tuum
3028 2220 3240 2295 quam
3301 2195 3663 2295 Groninga
3711 2202 3947 2268 nostra
3981 2194 4114 2268 tibi

1056 2326 1129 2391 et
1166 2318 1431 2416 gratius
1475 2328 1546 2391 et
1581 2319 1805 2393 carius
1844 2345 1993 2394 esse
2032 2320 2259 2394 debet.
2325 2320 2598 2395 Vanam
2639 2327 2708 2393 et
2750 2319 3028 2393 inanem
3056 2342 3332 2392 omnem
3367 2317 3742 2416 quominus
3771 2315 4112 2414 acciperes

1058 2438 1202 2512 fore
1280 2437 1623 2512 sensimus
1685 2441 2257 2538 deprecationem.
2382 2441 2669 2514 Utinam
2740 2439 2872 2512 tibi
2937 2438 3220 2536 tuisque
3292 2437 3364 2511 in
3434 2461 3612 2511 nova
3676 2435 4110 2510 fortunarum

1060 2559 1224 2632 sede
1268 2558 1498 2632 fausta
1542 2558 1904 2658 feliciaque
1950 2559 2201 2634 cedant
2244 2561 2500 2634 omnia.
2553 2561 2714 2634 Tibi
2757 2569 3028 2647 autem,
3083 2583 3173 2633 ne
3214 2557 3806 2632 commilitonibus
3849 2556 4112 2631 studio·

1056 2705 1213 2755 rum
1263 2679 1810 2780 interrumpatur
1857 2705 2137 2769 cursuS,
2186 2705 2350 2755 mox
2401 2687 2482 2753 ut
2533 2679 2937 2778 designetur
2985 2701 3336 2752 successor
3383 2701 3762 2776 speramus.

1156 2801 1309 2874 Nec
1353 2800 1440 2874 de
1481 2801 1897 2876 Academiae
1939 2803 2408 2876 instrumento
2453 2800 2674 2872 multa
2719 2799 2940 2873 habeo
2985 2821 3164 2897 quae
3209 2821 3553 2871 moneam.
3605 2796 3774 2870 Viro
3815 2795 3923 2870 Cl.
3965 2817 4117 2888 vais

1060 2944 1253 2996 nun
1324 2920 1398 2994 in
1474 2920 1881 2996 laboratorio
1946 2921 2418 3020 physiologico
2478 2920 2899 2994 constitutus
2949 2927 3056 2992 est
3100 2915 3377 2991 adiutor
3395 2976 3415 3004 ,
3487 2916 3752 3015 virique
3799 2916 3908 2991 cl.
3967 2937 4118 2989 vau

1061 3066 1505 3117 xssacxnorr
1547 3042 1621 3115 in
1672 3042 2079 3116 laboratorio
2133 3041 2442 3116 chemico
2482 3040 2821 3129 adiutori,
2894 3040 3020 3139 qui
3053 3038 3362 3114 officium
3407 3038 3823 3137 deposuerat
3863 3060 4074 3111 suum
4094 3094 4114 3124 ,

1068 3187 1419 3237 successor
1460 3162 1667 3236 datus
1710 3169 1836 3236 est.

1160 3284 1362 3361 Quae
1418 3281 1785 3381 collegerat
1850 3282 2394 3378 coleopterorum
2445 3281 2824 3380 specimina
2879 3281 3104 3355 multa
3147 3287 3220 3354 et
3265 3278 3522 3355 eximia
3567 3278 3697 3352 Vir
3748 3275 4115 3353 Nobilissi-

1064 3428 1225 3476 mus
1254 3425 1421 3477 -vAN
1468 3424 1835 3477 lr‘rnasou
1858 3460 1878 3490 ,
1928 3425 2151 3499 nuper
2188 3401 2261 3474 in
2304 3402 2580 3476 Gelriae
2621 3426 2799 3500 pago
2831 3402 3216 3473 Brummen
3247 3398 3654 3487 defunctus,
3691 3398 3844 3473 eius
3877 3396 4116 3483 vidua,

1066 3521 1219 3620 ipsa
1252 3545 1291 3594 e
1331 3528 1541 3620 gente
1583 3544 1863 3595 conno'r
1910 3522 2263 3596 n’nscuar
2283 3580 2303 3608 ,
2348 3528 2584 3595 nostro
2629 3522 2952 3596 historiae
2999 3520 3334 3594 naturalis
3373 3543 3616 3594 museo
3662 3519 3850 3594 dono
3886 3514 4118 3603 dedit,

1067 3643 1395 3717 adiuncta
1458 3665 1715 3740 magna
1778 3640 2109 3715 librorum
2179 3641 2377 3740 copia
2398 3699 2419 3729 ,
2487 3641 2612 3739 qui
2671 3641 2902 3716 mariti
2954 3640 3458 3739 entomologiae
3509 3636 4118 3739 coleopterologiae

1066 3762 1471 3858 praesertim
1518 3761 1969 3835 inservierant
2012 3760 2286 3836 studiis.
2390 3764 2626 3839 Quam
2673 3761 3154 3836 liberalitatem
3177 3819 3199 3850 ,
3247 3761 3485 3835 mariti
3527 3768 3601 3835 et
3655 3759 3906 3834 viduae
3953 3780 4118 3858 gen·

1071 3881 1265 3955 tibus
1306 3882 1506 3980 quasi
1551 3882 1831 3957 insitam
1882 3891 1955 3956 et
2002 3881 2488 3957 hereditariam
2508 3940 2528 3970 ,
2579 3882 2786 3956 multi
2834 3906 3113 3982 quoque
3165 3882 3434 3957 utinam
3480 3882 3845 3956 imitentur
3883 3878 4023 3955 alii.

1170 4002 1233 4075 E
1313 4002 1567 4076 civium
1631 4003 2180 4078 academicorum
2248 4026 2542 4077 numero
2613 4010 3050 4100 praematura
3113 4010 3336 4077 morte
3405 4001 3814 4101 parentibus
3883 3998 4120 4075 amicis

1072 4120 1277 4195 nobis
1352 4121 1571 4220 erepti
1626 4121 1911 4197 fuerunt
1965 4125 2147 4198 duo:
2202 4146 2434 4198 anAs
2487 4146 2667 4197 snor
2715 4132 2788 4197 et
2835 4148 2974 4199 nu
3023 4146 3295 4199 amima
3339 4146 3488 4198 vau
3535 4146 3684 4197 mia
3733 4144 3894 4197 ΠΥ.
3993 4121 4121 4194 Ille

1070 4240 1299 4340 Iptiae
1343 4241 1731 4317 destinatus
1778 4243 2075 4319 violento
2110 4252 2181 4319 et
2214 4252 2420 4319 acuto
2451 4251 2804 4342 correptus
2850 4244 2988 4319 fuit
3027 4244 3272 4321 morbo
3315 4243 3556 4344 paucis
3599 4249 3878 4319 tantum
3927 4264 4118 4315 men·

1074 4361 1271 4437 sibus
1290 4420 1311 4450 ,
1358 4370 1727 4462 postquam
1774 4364 1865 4439 ad
1918 4364 2311 4441 academica
2357 4371 2736 4437 accesserat
2779 4364 3030 4440 studia.
3131 4366 3274 4441 Hic
3330 4366 3516 4441 lenta
3559 4365 3722 4441 tabe
3769 4362 4122 4438 confectus

1078 4488 1226 4570 est,
1284 4507 1450 4557 cum
1512 4509 1635 4583 per
1704 4485 1937 4583 plures
2000 4486 2139 4560 iam
2209 4508 2428 4558 annos
2495 4484 2878 4561 medicinae
2937 4493 3010 4559 et
3077 4486 3458 4585 disciplinis
3505 4483 4012 4561 mathematicis
4052 4488 4123 4556 et

1072 4600 1376 4699 physicis
1416 4626 1695 4701 operam
1740 4605 2065 4680 dedisset.
2150 4604 2722 4703 Praeceptoribus
2775 4612 3010 4681 autem
3059 4605 3450 4681 studiorum
3503 4603 3856 4682 alacritate
3899 4612 3970 4679 et
4015 4603 4120 4678 in·

1072 4718 1338 4796 dustria
1360 4780 1380 4810 ,
1443 4722 1708 4823 ingenii
1752 4726 2071 4801 acumine
2091 4782 2111 4814 ,
2181 4748 2453 4799 morum
2501 4723 2940 4823 simplicitate
2983 4750 3400 4829 magnopere
3451 4752 3526 4802 se
3579 4725 3998 4826 probaverat
4049 4730 4122 4800 et

1074 4843 1692 4919 commendaverat.
3481 4861 3486 4865 ’
