4730 6049
1088 635 1176 701 46
1816 609 1826 614 ’
2192 634 2243 700 1.
2322 633 2394 699 Ε.
2465 629 3034 699 Gonnsmr

1084 841 1408 930 consilio,
1477 848 1702 915 aetate
1761 863 2011 938 nempe
2072 838 2458 914 minoribus
2515 836 2957 914 succurrendi
3001 835 3331 912 adversus
3374 835 3863 912 insidiosorum
3911 838 4126 914 homi-

1084 983 1262 1036 num
1315 961 1665 1060 captiones
1684 1019 1703 1048 ‚
1768 961 1991 1033 Ictum
2050 959 2355 1056 primum
2404 967 2716 1034 accurate
2769 964 3212 1056 quaerentem
3265 955 3456 1031 vides
3501 956 3590 1030 de
3633 956 4130 1056 significatione

1086 1080 1279 1156 verbi
1325 1077 1640 1169 minoris,
1706 1104 1847 1178 quo
1901 1079 2230 1179 temporis
2272 1085 2629 1154 momento
2671 1088 2860 1154 aetas
2913 1077 3004 1151 sit
3053 1075 3521 1166 aestimanda,
3571 1084 3811 1152 utrum
3853 1077 4132 1154 initium

1082 1223 1175 1275 an
1216 1201 1377 1275 finis
1424 1209 1813 1276 contractus
1856 1199 1945 1273 sit
1990 1183 2412 1299 spectandus
2467 1243 2566 1256 —-
2614 1205 2853 1272 utrum
2897 1197 3050 1296 ipso
3099 1196 3214 1271 die
3259 1196 3475 1274 natali
3519 1196 3750 1272 adhuc
3795 1198 4020 1273 minor
4063 1208 4134 1276 et

1081 1320 1407 1395 horarum
1450 1321 1768 1396 habenda
1818 1319 1908 1393 sit
1955 1318 2130 1393 ratio
2174 1363 2275 1378 --
2318 1329 2554 1393 utrum
2605 1319 2664 1392 si
2703 1319 3010 1392 bissexto
3057 1317 3149 1391 sit
3193 1325 3437 1405 natus,
3488 1317 3566 1390 id
3610 1317 3909 1394 biduum
3951 1343 4132 1394 unus

1076 1449 1440 1516 censeatur
1503 1441 1651 1514 dies
1712 1483 1809 1524 -τ
1874 1446 1947 1512 et
2006 1438 2576 1536 quandoquidem
2637 1438 2725 1512 de
2791 1441 3044 1512 minore
3103 1437 3425 1535 loquatur
3467 1445 3777 1534 praetor,
3841 1461 3933 1512 an
3981 1446 4132 1514 tum

1076 1583 1357 1660 quoque
1412 1561 1869 1646 restituatur,
1916 1581 2138 1656 quum
2207 1581 2330 1657 per
2393 1583 2556 1634 eum
2605 1558 2820 1632 maior
2863 1556 3282 1631 sublevetur.
3379 1557 3838 1656 Progrediens
3882 1557 4134 1634 deinde

1071 1679 1165 1755 ad
1224 1678 1432 1754 verba
1462 1687 1727 1779 yeatum
1766 1681 1903 1753 erit
1919 1735 1939 1764 ,
2004 1678 2276 1776 copiose
2330 1685 2402 1751 et
2447 1678 2797 1776 eleganter
2845 1676 3184 1774 explorari
3233 1675 3422 1750 vides
3480 1677 3648 1750 varii
3695 1678 3968 1775 generis
4009 1701 4128 1753 ne·

1071 1801 1262 1896 gotia
1320 1801 1407 1874 de
1467 1823 1764 1899 quorum
1808 1797 2241 1872 restitutione
2286 1797 2550 1896 ambigi
2594 1804 2903 1896 poterat,
2959 1820 3144 1870 -num
3189 1819 3250 1870 v.
3305 1821 3364 1870 c.
3419 1821 3502 1870 ea
3549 1804 3825 1870 tantum
3872 1798 4130 1896 quibus

1071 1944 1199 1995 suo
1252 1945 1339 1995 an
1402 1922 1611 1996 etiam
1650 1918 1905 2018 quibus
1954 1917 2179 1993 alieno
2232 1918 2510 1992 nomine
2537 1917 2910 2016 obligatus
2957 1917 3046 1990 sit
3088 1959 3192 1976 --
3237 1939 3324 1989 ex
3368 1923 3726 1990 contractu
3779 1941 3870 1992 an
3915 1927 3989 1990 et
4039 1941 4126 1992 ex

1069 2041 1321 2115 delicto
1350 2083 1448 2097 —
1476 2048 1671 2114 extra
1713 2037 2052 2113 iudicium
2094 2063 2183 2113 an
2221 2037 2431 2112 etiam
2469 2037 2727 2112 iudicio
2769 2081 2874 2096 —-
2909 2037 2981 2110 in
3021 2035 3295 2110 damnis
3336 2035 3654 2110 arcendis
3694 2060 3784 2111 an
3821 2036 4032 2111 etiam
4055 2038 4128 2110 in

1067 2161 1258 2234 lucro
1314 2159 1681 2259 captando,
1736 2201 1835 2214 —
1894 2160 2001 2232 Ex‘
2052 2157 2275 2231 verbis
2322 2181 2524 2256 porro
2565 2164 2646 2232 ut
2663 2255 2666 2260 Ι
2687 2183 2989 2257 quaeque
3029 2180 3150 2230 rea
3189 2158 3328 2229 erit
3373 2179 3533 2230 cum
3573 2155 3939 2244 efficiatur,
3988 2179 4128 2230 non

1063 2276 1323 2377 passim
1375 2277 1496 2350 sed
1548 2301 1755 2350 causa
1802 2274 2081 2375 cognita
2128 2275 2432 2349 succurri
2477 2284 2548 2350 et
2597 2283 2754 2348 tum
2810 2275 3091 2349 demum
3111 2331 3132 2361 ‚
3185 2274 3245 2348 si
3293 2269 3532 2349 minor·
3559 2299 3698 2350 non
3749 2300 3939 2350 mero
3973 2275 4120 2350 iure

1063 2397 1382 2473 munitus
1452 2396 1580 2484 sit,
1614 2396 1818 2470 mira
1870 2394 2243 2495 sagacitate
2296 2395 2617 2493 indagari
2665 2395 2857 2469 vides
2903 2394 3200 2494 specieS,
3267 2393 3526 2492 quibus
3577 2417 3739 2468 cum
3787 2395 4128 2470 ordinaria

1060 2518 1407 2593 sufficiant
1440 2516 1777 2605 remedia,
1820 2525 2045 2590 cesset
2088 2514 2704 2592 extraordinarium
2751 2513 2944 2612 quod
2987 2513 3372 2588 minoribus
3405 2514 3735 2614 competit
3767 2514 4125 2591 auxilium.

1056 2638 1158 2713 At
1198 2639 1286 2712 de
1338 2636 1721 2712 minoribus
1766 2635 2126 2734 quaerenti
2170 2637 2359 2710 ecce!
2445 2635 2570 2710 Icti
2611 2635 2833 2710 menti
2876 2634 3333 2708 obversantur
3373 2635 3606 2708 omnia
3651 2634 3916 2732 reliqua
3957 2633 4126 2707 iuris

1054 2756 1411 2847 instituta,
1482 2781 1661 2856 quae
1720 2781 1879 2831 cum
1925 2757 2061 2830 ista
2122 2764 2345 2829 aetate
2411 2756 2780 2840 cohaerent
2827 2763 2898 2828 et
2927 2741 3369 2828 'restitutioni
3417 2753 3710 2828 formam
3756 2754 3919 2828 dare
3967 2777 4122 2852 pos-

1057 2877 1231 2964 sint3
1306 2877 1569 2975 patriae
1640 2876 2002 2974 potestatis
2075 2875 2371 2949 habetur
2431 2875 2642 2962 ratic,
2715 2874 2968 2973 peculii
3034 2874 3340 2948 iniicitur
3411 2875 3708 2961 mentio,
3785 2873 4126 2972 conspicis

1054 2997 1389 3072 minorem
1432 3021 1597 3071 cum
1640 3019 1833 3069 servo
1882 2995 2241 3094 negotium
2278 3004 2634 3093 gerentem
2656 3054 2676 3084 ,
2718 3003 3047 3069 mutuum
3080 2995 3368 3070 dantem
3395 2981 3836 3069 ⁸filiofamilias
3885 3000 4126 3069 contra

1058 3118 1301 3191 Sctum
1332 3114 1953 3203 Macedonianum,
1998 3115 2517 3190 contrahentem
2551 3140 2714 3189 cum
2751 3116 3038 3190 muliere
3089 3115 3554 3190 intercedente
3595 3124 3832 3189 contra
3871 3116 4115 3189 Setum

1052 3234 1490 3309 Velleianum
1511 3293 1531 3323 ,
1582 3260 1744 3309 cum
1796 3234 1927 3309 alio
1980 3234 2243 3308 minore
2290 3234 2479 3308 idem
2528 3243 2739 3333 atque
2783 3236 3015 3333 ipsum
3059 3236 3472 3334 implorante
3517 3236 3889 3323 auxilium,
3939 3234 4114 3310 nihil

1052 3353 1353 3454 denique
1394 3354 1741 3428 omittitur
1762 3413 1782 3442 ,
1834 3354 2011 3428 nihil
2054 3354 2394 3429 intactum
2437 3354 2888 3453 relinquitur,
2939 3355 3114 3430 nihil
3158 3380 3298 3429 non
3349 3356 3780 3454 exploratur,
3831 3380 3918 3429 ex
3963 3380 4110 3429 om·

1050 3474 1260 3549 nibus
1305 3475 1475 3549 iuris
1526 3472 1842 3573 partibus
1886 3473 2048 3548 huic
2089 3474 2410 3548 instituto
2462 3498 2638 3548 nova
2685 3474 2946 3549 affulsit
2990 3475 3168 3564 lux,
3201 3500 3288 3549 ex
3331 3500 3474 3550 uno
3521 3474 3751 3574 lapide
3793 3475 4110 3573 pulcrum

1048 3595 1483 3669 aedificium!

1145 3712 1513 3787 Eiusmodi
1566 3714 1783 3812 igitur
1835 3738 1997 3787 cum
2057 3712 2426 3811 conspicua
2490 3714 2580 3787 sit
2642 3714 3119 3789 Romanorum
3177 3714 3251 3789 in
3297 3716 3448 3789 iure
3503 3739 3631 3789 suo
3683 3712 4110 3788 enucleando

1052 3830 1271 3905 virtus
1292 3889 1313 3919 ,
1384 3840 1467 3905 ut
1526 3857 1607 3905 eo
1656 3832 2077 3932 perfectioris
2124 3832 2518 3932 interpretis
2562 3834 2812 3908 referat
2855 3834 3228 3933 imaginem
3248 3892 3268 3925 ,
3336 3859 3478 3934 quo
3525 3835 3685 3933 quis
3736 3834 3962 3932 magis
4013 3832 4106 3907 ad

1046 3950 1322 4024 illorum
1382 3951 1778 4049 exemplum
1848 3977 1997 4025 sese
2064 3953 2628 4041 conformaverit,
2694 3952 2836 4029 iam
2903 3976 3045 4028 una
3107 3955 3356 4029 idonea
3415 3938 3522 4029 est
3566 3961 3838 4053 reperta
3883 3952 4059 4027 ratio
4081 4010 4102 4040 ‚

1050 4094 1263 4168 quare
1317 4069 1631 4144 nondum
1690 4071 2153 4146 recedendum
2200 4072 2292 4147 sit
2336 4074 2426 4147 ab
2480 4098 2560 4148 eo
2603 4073 2945 4146 maiorum
2993 4096 3184 4147 more
3204 4130 3224 4163 ,
3277 4097 3418 4172 quo
3465 4074 3590 4172 qui
3629 4072 4103 4171 iurispruden·

1050 4191 1189 4264 tiae
1243 4214 1521 4288 operam
1568 4200 1799 4264 essent
1844 4190 2104 4278 daturi,
2150 4190 2323 4265 iuris
2365 4192 2668 4267 Romani
2705 4192 3098 4291 cognitione
3137 4200 3409 4267 mature
3447 4191 3676 4266 imbui
3716 4192 4100 4266 voluerunt.

1144 4310 1245 4384 At
1310 4333 1470 4383 vero
1521 4310 1730 4383 audio
1780 4310 1878 4384 sic
1926 4310 2099 4383 mihi
2142 4311 2675 4409 obloquentem:
2763 4341 2798 4381 n
2821 4312 3029 4401 Esto,
3077 4312 3167 4386 de
3215 4312 3540 4387 laudibus
3585 4312 3875 4387 istorum
3927 4310 4105 4384 nihil

1053 4429 1413 4504 udetraho.
1514 4428 1801 4504 Lubens
1854 4430 2220 4519 confiteor,
2274 4454 2655 4506 unmANuM
2701 4431 3035 4530 singulari
3075 4432 3274 4531 copia
3318 4440 3388 4506 et
3447 4432 3764 4507 ubertate
3786 4489 3806 4519 ‚
3859 4430 4100 4504 verbo-

1052 4578 1089 4617 u
1102 4573 1258 4623 rum
1322 4549 1657 4647 gravitate
1715 4559 1787 4625 et
1840 4550 2377 4649 argumentandi
2441 4551 2826 4625 subtilitate
2887 4572 3386 4641 urrunnun,
3455 4551 3720 4650 ingenii
3779 4550 4100 4627 acumine

1050 4692 1404 4744 'tramam
1440 4694 1483 4743 a
1522 4671 1799 4745 nemine
1841 4696 2180 4771 umquam
2227 4662 2564 4772 superari,
2605 4672 2729 4747 sed
2765 4672 2938 4772 quid
2976 4675 3105 4748 hoc
3147 4696 3404 4772 quaeso
3439 4670 3532 4746 ad
3566 4672 3758 4745 rem?
3825 4669 4098 4749 Quidni

1048 4816 1087 4855 n
1100 4787 1332 4886 potius
1378 4812 1585 4886 quam
1637 4791 1729 4867 ad
1771 4792 2027 4868 alienas
2076 4818 2242 4893 opes
2284 4817 2686 4892 provocare,
2735 4800 3128 4869 nostrarum
3178 4791 3428 4867 virium
3469 4791 3621 4867 fieri
3664 4789 4046 4889 periculum
4067 4848 4090 4879 ,
