4730 6049
1113 657 1248 725 328
2247 658 2321 726 Β.
2391 660 2443 727 Ι.
2512 656 3092 725 GRATAMA.

1115 865 1275 965 plo,
1341 864 1468 941 ubi
1525 864 1698 941 iuris
1762 864 2123 953 instituta,
2183 888 2367 965 quae
2410 864 2601 965 apud
2650 873 2911 941 ceteras
2954 861 3411 941 Germanicae
3461 858 3697 962 stirpis
3746 866 3991 960 gentes
4028 858 4164 935 iam

1119 985 1394 1061 saeculo
1433 984 1700 1059 decimo
1740 994 1937 1061 sexto
1987 984 2395 1075 exstabant,
2457 993 2693 1061 nostra
2740 985 3027 1065 demum
3072 992 3200 1060 aut
3245 992 3527 1083 patrum
3573 980 3908 1057 memoria
3960 979 4167 1055 intro·

1121 1106 1332 1181 ducta
1380 1113 1588 1195 sunt,
1640 1106 1748 1181 vel
1793 1105 2180 1181 etiamnum
2227 1105 2729 1183 desiderantur.

1223 1226 1364 1299 Sed
1426 1224 1756 1315 fortasse,
1825 1250 1986 1301 cum
2051 1225 2151 1301 ita
2217 1226 2515 1324 tempori
2575 1226 2933 1327 laborique
3003 1230 3434 1325 parceretur,
3494 1220 3707 1298 nimis
3756 1172 4167 1297 acceleratus

1121 1355 1229 1419 est
1270 1345 1463 1444 apud
1515 1368 1644 1421 nos
1689 1345 1862 1420 iuris
1901 1370 2146 1421 cursus
2197 1353 2269 1421 et
2314 1370 2760 1445 progressae,
2824 1347 2925 1421 ita
2966 1352 3050 1421 ut
3089 1366 3385 1444 praecox
3432 1351 3507 1419 et
3546 1348 3987 1443 praematura
4037 1338 4167 1415 for·

1123 1476 1308 1542 tasse
1357 1475 1528 1542 tunc
1573 1475 1715 1541 tem
1723 1464 1906 1565 poris
1954 1464 2250 1541 dicenda
2297 1466 2509 1540 fuerit
2554 1466 2727 1541 iuris
2774 1464 3101 1541 conditio,

1221 1587 1528 1663 Praecox
1584 1586 1704 1663 illa
1771 1594 1843 1661 et
1914 1592 2352 1686 praematura
2405 1585 2577 1661 iuris
2636 1584 2943 1662 conditio
2996 1584 3209 1660 etiam
3262 1582 3447 1657 inter
3494 1606 3743 1659 causas
3786 1580 4172 1669 referenda,

1125 1706 1384 1808 quibus
1450 1708 1714 1784 factum
1771 1715 1878 1783 est
1895 1766 1916 1796 ,
1989 1715 2068 1781 ut
2125 1705 2285 1781 Icti
2327 1704 2620 1781 aliorum
2672 1730 2953 1805 quoque
3004 1704 3095 1779 ad
3148 1728 3223 1777 se
3264 1702 3621 1779 traherent
3670 1702 3943 1803 sibique
3996 1725 4175 1776 arro·

1123 1834 1370 1927 gerent
1433 1834 1690 1925 partes.
1785 1824 2119 1899 ICtorum
2177 1831 2284 1899 est
2339 1825 2683 1901 exstantia
2730 1832 2803 1899 et
2848 1823 3243 1924 ⁴praesentia
3284 1846 3691 1924 pernoscere
3746 1831 3819 1898 et
3870 1823 4174 1899 excolere

1129 1948 1280 2021 iura
1299 2006 1319 2036 ,
1388 1945 1516 2020 ubi
1575 1943 2011 2021 emendanda
2083 1952 2250 2019 sunt
2309 1954 2383 2019 et
2442 1945 2817 2034 mutanda,
2882 1944 3072 2019 viam
3114 1952 3495 2019 monstrare
3514 2003 3535 2032 ,
3586 1968 3727 2019 non
3774 1967 3902 2020 suo
3948 1944 4179 2018 Marte

1127 2091 1328 2142 nova·
1370 2066 1686 2141 condere.
1789 2064 1928 2139 Sed
1989 2065 2229 2163 populi
2293 2072 2653 2165 tantopere
2700 2065 3098 2141 excultioris
3142 2063 3551 2162 sapientiam
3594 2063 3865 2139 civilem
3911 2062 4179 2151 edocti,

1127 2210 1292 2286 prae
1352 2183 1804 2284 popularibus
1867 2182 2415 2284 aequalibusque
2480 2192 2600 2258 tan
2608 2192 2759 2258 tum
2828 2208 2989 2259 cum
3053 2189 3406 2283 saperent,
3473 2184 3783 2259 muneris
3836 2183 4177 2282 officiique

1131 2305 1244 2379 sui
1309 2304 1570 2379 finibus
1633 2301 1927 2378 coerceri
1991 2302 2469 2400 continerique
2531 2326 2673 2377 non
2744 2310 3155 2403 potuerunt,
3224 2309 3297 2377 et
3354 2302 3659 2376 Romani
3710 2302 3918 2389 iuris.
3984 2298 4175 2400 quod

1129 2424 1301 2524 ipsis
1359 2424 1500 2498 fere
1567 2422 1794 2497 solum
1858 2422 2034 2496 iuris
2099 2422 2382 2497 nomine
2423 2422 2737 2525 'dignum
2785 2422 3185 2511 videbatur,
3248 2422 3479 2523 capita
3526 2421 3750 2497 multa
3792 2421 4183 2496 introducta

1132 2550 1318 2619 sunt.
1422 2543 1561 2617 Sed
1623 2564 1962 2640 quaenam
2041 2549 2114 2615 et
2175 2545 2573 2641 quatenus?
2642 2544 2811 2619 haec
2874 2545 3190 2644 quaestio
3236 2543 3645 2643 gravissima
3702 2566 3868 2618 mox
3920 2540 4183 2641 ubique

1127 2664 1486 2763 insurgere
1533 2660 1814 2749 debuit,
1875 2670 1948 2736 et
1995 2661 2242 2737 acriter
2293 2662 2565 2762 agitari.
2667 2662 2892 2739 Aliter
2935 2664 3439 2762 responderunt
3486 2664 3628 2739 alii.
3729 2665 3935 2742 Quae
3978 2660 4181 2737 ceteri

1130 2788 1676 2881 proposuerunt,
1747 2780 1922 2854 nihil
1991 2780 2081 2855 ad
2146 2804 2293 2855 rem
2357 2788 2689 2857 nostram.
2792 2781 2935 2855 Sed
2996 2782 3137 2857 iam
3198 2784 3456 2859 saeculi
3520 2783 3891 2884 superioris
3956 2776 4181 2857 media

1129 2909 1326 3001 parte
1390 2900 1506 2975 vix
1557 2900 1790 2997 elapsa
1854 2899 2176 2987 fuerunt,
2243 2900 2369 2999 qui
2436 2900 2529 2975 ad
2603 2900 2781 2975 hanc
2856 2901 3254 2979 solvendam
3318 2903 3797 3002 quaestionem
3861 2928 4179 3002 provoca-

1132 3030 1288 3096 rent
1343 3020 1434 3096 ad
1503 3020 1683 3095 vitae
1739 3018 2332 3096 necessitudinum
2401 3020 2743 3098 naturam.
2832 3021 2979 3098 Ubi
3029 3034 3425 3122 praesentes
3466 3033 3959 3124 exstantesque
4006 3024 4180 3098 vitae

1133 3139 1678 3216 necessitudines
1754 3140 1866 3214 ius
1935 3154 2340 3240 respuerent
2420 3141 2819 3216 Romanum
2838 3197 2859 3230 ,
2936 3142 3195 3239 patrios
3264 3167 3414 3217 esse
3496 3143 3889 3241 sequendos
3959 3166 4180 3217 mores

1135 3261 1495 3338 docebant.

1231 3382 1414 3456 Cum
1467 3381 1700 3456 schola
1753 3381 2076 3456 historica
2128 3380 2314 3478 ipsos
2360 3379 2533 3453 iuris
2590 3379 2815 3455 fontes
2869 3379 3215 3486 indefesso
3262 3378 3497 3456 labore
3545 3381 3929 3482 exploraret
3945 3439 3966 3470 ,
4018 3405 4176 3456 mox

1133 3503 1454 3600 apparuit
1513 3500 1904 3608 genuinum
1966 3523 2362 3600 purumque
2397 3498 2533 3574 'ius
2586 3499 2987 3576 Romanum
3035 3500 3275 3577 multis
3322 3502 3396 3577 in
3448 3503 3614 3578 locis
3671 3503 3911 3602 procul
3962 3502 4053 3578 ab
4099 3527 4177 3576 eo

1133 3622 1388 3697 distare
1409 3679 1430 3710 ,
1493 3622 1686 3720 quod
1751 3621 1961 3720 vulgo
2020 3621 2110 3695 ab
2177 3619 2673 3719 interpretibus
2725 3619 3160 3709 tradebatur,
3210 3645 3593 3722 eorumque
3648 3622 4059 3697 auctoritate
4108 3621 4177 3694 in

1131 3740 1281 3816 foro
1331 3750 1402 3816 et
1453 3767 1590 3816 usu
1637 3741 1822 3816 civili
1864 3737 2379 3816 observabatur.
2502 3739 2691 3814 Hinc
2736 3739 3067 3816 clamores
3110 3750 3349 3817 contra
3398 3742 3609 3817 ICtos
3658 3741 4019 3817 historicos
4064 3741 4177 3816 ad·

1135 3863 1322 3936 aucti
1367 3869 1440 3936 et
1487 3863 1890 3960 exasperati.
1991 3863 2131 3936 Eos
2177 3860 2465 3936 demum
2507 3860 2827 3938 funditus
2873 3862 3131 3960 patrios
3184 3872 3488 3938 evertere
3540 3841 3767 3939 mores
3786 3922 3807 3951 ,
3866 3872 3943 3937 et
3992 3885 4177 3962 pere-

1132 3983 1336 4082 grino
1397 3990 1470 4054 et
1529 3981 1800 4056 dudum
1865 3980 2230 4056 demortuo
2289 3981 2425 4054 iuri
2490 3981 2654 4080 plus
2700 3981 2911 4056 etiam
2960 3981 3225 4072 favere,
3288 4007 3501 4082 quam
3548 3983 3675 4084 qui
3717 3983 4029 4082 primum
4074 3982 4176 4054 ins

1133 4101 1534 4176 Romanum
1589 4101 1664 4174 in
1737 4099 1958 4199 patria
2019 4100 2555 4174 introduxerunt
2612 4101 2779 4176 fora.
2878 4102 3233 4178 Nimirum
3286 4104 3575 4179 minime
3620 4105 3733 4178 ius
3780 4104 4177 4178 Romanum

1132 4245 1390 4321 purum
1443 4228 1516 4296 et
1556 4220 1940 4319 genuinum
1991 4219 2063 4293 in
2109 4220 2485 4295 Germania
2532 4245 2683 4296 esse
2726 4231 3083 4321 receptum
3100 4281 3121 4311 ,
3172 4223 3297 4298 sed
3340 4223 3479 4298 tale
3526 4223 3733 4324 quale
3784 4223 3969 4300 tradi
4014 4221 4177 4298 sole·

1135 4341 1272 4416 bat
1327 4340 1419 4416 ab
1485 4339 1886 4416 auctoribus
1907 4398 1928 4428 ,
1993 4340 2116 4438 qui
2181 4349 2340 4439 post
2404 4341 2837 4416 Glossatores
2879 4341 2955 4416 in
2996 4342 3203 4420 Italia
3244 4343 3664 4436 floruerunt,
3714 4343 3980 4444 quique
4026 4341 4177 4417 scri·

1135 4461 1456 4537 bentium
1525 4460 1670 4536 fere
1737 4461 2024 4536 veniunt
2091 4461 2391 4536 nomine.
2492 4461 2596 4535 Hi
2654 4467 2886 4536 autem
2910 4519 2931 4550 ,
2994 4461 3167 4536 iuris
3234 4463 3539 4540 Romani
3602 4463 4057 4564 antiquitates
4110 4467 4179 4536 et

1137 4581 1493 4656 historiam
1561 4605 1812 4680 parum
1882 4581 2210 4656 callentes
2228 4640 2249 4670 ,
2327 4580 2453 4656 sed
2527 4605 2693 4658 suae
2758 4581 3004 4658 aetatis
3072 4589 3147 4658 et
3206 4583 3439 4683 gentis
3512 4585 3877 4684 progenies
3895 4642 3917 4674 ,
3982 4607 4176 4681 saepe

1133 4701 1644 4776 Pandectarum
1707 4700 1857 4778 loca
1911 4701 2011 4778 ita
2071 4700 2551 4801 explicabant,
2622 4709 2705 4778 ut
2771 4702 2973 4778 nobis
3024 4703 3248 4780 risum
3294 4713 3657 4794 moveant,
3723 4712 3797 4780 et
3840 4713 4172 4804 tanquam

1135 4819 1307 4896 iuris
1351 4821 1652 4896 Romani
1697 4821 1948 4920 placita
1993 4821 2511 4924 proponebant,
2563 4848 2743 4923 quae
2786 4823 2877 4899 ab
2918 4849 3001 4900 eo
3042 4824 3247 4924 plane
3288 4824 3697 4916 abhorrent,
3746 4848 3914 4901 cum
3944 4833 4171 4901 tamen
