4730 6049
946 642 1035 711 90
1928 650 2318 718 SERIES
2387 649 3045 719 LECTIONUM.

1140 851 1514 928 Doctrinae
1558 861 1629 927 et
1679 854 2112 954 Dogmatum
2159 856 2713 933 Christianorum
2751 854 3110 932 historiam
3159 855 3426 947 tradet,
3476 855 3622 932 die-

1242 971 1377 1047 bus
1443 972 1631 1049 Iovis
1696 983 1768 1049 et
1824 975 2114 1052 Veneris
2133 1034 2154 1066 ‚
2216 1033 3624 1054 ....................

1143 1091 1339 1166 Artis
1406 1092 1837 1170 Christianae
1890 1096 2251 1173 histor-iam
2313 1096 2687 1199 esplicabit
2703 1157 2724 1187 ‚
2793 1097 2908 1172 die
2962 1096 3214 1172 Martis
3235 1153 3617 1187 ......

944 1218 1001 1283 1.
1038 1220 1123 1283 H.
1164 1221 1588 1285 SCHOLTEN
1634 1214 2087 1315 Dogmatices
2128 1217 2566 1293 Christianae
2589 1223 2857 1318 partem
2890 1216 3190 1317 priorem
3215 1214 3623 1316 explicabit,

1044 1332 1293 1408 diebus
1346 1334 1603 1409 Martis
1659 1343 1732 1409 et
1781 1336 1969 1410 Iovis
1983 1392 3612 1427 .......................

1336 1461 1409 1529 et
1459 1454 1620 1529 dieb
1630 1480 1713 1529 us
1758 1455 1945 1530 Iovis
1990 1464 2063 1533 et
2112 1456 2404 1532 Veneris
2418 1512 3609 1547 .................

1144 1572 1590 1673 Theologiam
1654 1572 1985 1651 biblicam
2037 1577 2131 1652 N.
2168 1578 2248 1652 Τ.
2297 1577 2567 1666 tradet,
2625 1576 2876 1652 diebus
2921 1575 3166 1651 Lunae
3213 1581 3286 1649 et
3323 1573 3578 1650 Martis
3593 1633 3615 1664 ,

1142 1693 1592 1793 Theologiam
1638 1695 2050 1770 .naturalem
2126 1695 2442 1787 docebit,
2515 1697 2898 1772 enarranda
2964 1694 3252 1771 historia
3319 1693 3620 1794 philoso-

1236 1813 1442 1912 phiae
1526 1815 1613 1889 de
1701 1815 1890 1905 Dec,
1977 1817 2377 1916 praesertim
2459 1816 2833 1892 recentiore
2852 1872 2874 1903 ,
2965 1814 3215 1891 diebus
3283 1813 3472 1888 Iovis
3547 1820 3620 1888 et

1234 1933 1527 2010 Veneris
1545 1986 3616 2024 ..............................

1147 2052 1600 2129 Orationibus
1645 2054 1854 2129 sacris
1893 2056 2227 2155 praeerit,
2278 2054 2528 2131 diebus
2569 2063 2640 2131 et
2685 2054 2870 2130 horis
2912 2053 3048 2128 sibi
3091 2049 3164 2127 et
3205 2038 3616 2127 candidatis

1237 2173 1653 2273 Theologiae
1702 2174 2105 2250 commodis.

942 2305 1018 2367 A.
1059 2302 1397 2365 KUENEN
1436 2294 1768 2369 librorum
1820 2296 1895 2370 V.
1944 2292 2279 2387 Foederis
2325 2293 2681 2369 historiam
2725 2291 3072 2369 enarrabit
3100 2292 3214 2368 die
3243 2290 3620 2379 Mercurii,

1334 2420 1406 2487 et
1454 2414 1568 2487 die
1622 2412 1905 2489 Veneris
1923 2468 3618 2502 ........................

1138 2532 1443 2609 Criticen
1515 2542 1587 2607 et
1644 2532 2237 2610 Hermeneuticen
2303 2532 2636 2610 librorum
2697 2534 2793 2609 N.
2841 2532 3167 2608 Foederis
3223 2530 3452 2607 tradet
3507 2529 3620 2607 die
3711 2599 3728 2631 ,

1335 2898 1409 2965 et
1456 2892 1569 2965 die
1617 2893 1803 2967 Iovis
1824 2950 1849 2983 ,
1908 2946 3616 2971 ........................

1143 3009 1595 3086 Orationibus
1638 3012 1848 3087 sacris
1889 3012 2187 3112 praeerit
2206 3071 2228 3104 ,
2279 3012 2531 3091 diebus
2569 3021 2642 3090 et
2683 3012 2872 3089 horis
2921 3012 3057 3090 sibi
3095 3019 3166 3088 et
3203 3010 3614 3087 candidatis

1232 3129 1649 3231 Theologiae
1694 3131 2101 3209 commodis.

942 3264 998 3324 1.
1036 3262 1087 3324 Ι.
1125 3261 1359 3325 PRmS
1396 3249 1859 3352 Euangelium
1913 3254 2301 3329 Ioanneum
2324 3311 2343 3329 .
2393 3253 2660 3329 collatis
2689 3253 3236 3354 ‚Synopticorum
3281 3251 3610 3328 narratio-

1044 3368 1257 3448 nibus
1276 3430 1297 3462 ,
1342 3372 1685 3474 explicare
1725 3381 2003 3475 perget,
2070 3375 2323 3450 diebus
2370 3375 2742 3465 Mercurii,
2790 3375 2977 3450 Iovis
3021 3382 3094 3449 et
3137 3372 3431 3448 Veneris
3449 3429 3470 3461 ‚
3523 3429 3540 3448 .
3596 3428 3615 3445 .

1144 3491 1555 3592 Theologiae
1600 3489 1949 3570 Praeticae
1988 3501 2259 3596 partem
2294 3495 2782 3571 catecheticam
2800 3554 2821 3585 ,
2871 3493 3265 3593 liturgicam
3295 3501 3367 3566 et
3397 3490 3610 3566 eccle-

1245 3612 1587 3687 siasticam
1633 3614 1957 3690 tractabit
1971 3672 1996 3705 ,
2044 3614 2157 3690 die
2199 3614 2454 3690 Martis
2471 3673 2488 3690 .
2566 3668 3607 3692 ...............

1142 3730 1253 3805 De
1312 3731 1733 3807 Catechismi
1778 3732 2085 3810 Palatini
2149 3759 2275 3833 pro
2331 3734 2660 3811 concione
2718 3735 3060 3811 tractandi
3099 3733 3364 3810 ratione
3406 3738 3569 3830 aget
3586 3790 3607 3820 ‚

1246 3849 1359 3923 die
1406 3851 1775 3940 Mercurii,
1848 3908 2151 3932 .....
2170 3947 2173 3955 ‚
2208 3907 3610 3931 ....................

1144 3968 1686 4044 Exercitationes
1720 3981 1865 4047 tam
1902 3973 2357 4048 catecheticas
2390 3998 2604 4073 quam
2644 3972 3072 4049 homileticas
3103 3970 3577 4048 moderabitur
3594 4028 3615 4059 ,

1244 4087 1495 4164 diebus
1540 4089 1783 4166 Lunae
1832 4097 1905 4166 et
1949 4072 2241 4182 Martis,
2314 4152 2331 4168 .
2415 4151 2431 4168 .
2500 4146 3608 4170 ................

1154 4208 1606 4284 Orationibus
1674 4210 1881 4286 sacris
1942 4209 2281 4286 habendis
2325 4212 2662 4310 praeerit,
2713 4209 2962 4286 diebus
3007 4217 3080 4286 et
3129 4209 3316 4284 horis
3363 4207 3498 4284 sibi
3540 4217 3614 4282 et

1248 4328 1662 4430 Theologiae
1690 4329 2120 4406 -Candidatis
2166 4329 2570 4406 commodis.

951 4447 995 4493 *
1020 4446 1061 4491 ¹
1086 4447 1127 4492 ¹*
1145 4444 1435 4522 Publice
1528 4449 1935 4549 disputandi
2012 4449 2618 4536 exercitationibus
2651 4503 2658 4508 -
2693 4458 3067 4550 praeerunt
3137 4462 3218 4523 N.
3273 4461 3338 4522 0.
3397 4457 3612 4530 KIST,

1046 4583 1101 4642 1.
1140 4580 1222 4642 H.
1260 4581 1717 4657 sefion'rnN,
1760 4589 1833 4647 A.
1854 4583 2209 4646 -ΚυΕΝΕΝ
2250 4579 2321 4646 et
2358 4585 2413 4649 1.
2449 4587 2502 4647 1.
2541 4584 2804 4659 PRINS,
2847 4573 2961 4646 die
3007 4569 3336 4659 Veneris,
3371 4625 3393 4645 .
3445 4621 3468 4645 .
3517 4619 3540 4644 .
3589 4619 3616 4644 .

3839 972 4012 1049 XII.

3877 1093 4011 1168 XI.

3909 1391 4012 1527 x}

3945 1573 4010 1647 Ι.

3942 1934 4011 2008 I.

3923 2292 4011 2382 I,

3795 2408 4008 2485 -VHI,

3887 2649 3966 2723 X
3986 2707 4012 2740 ‚

3883 2768 3968 2842 II
3987 2825 4014 2856 ‚

3797 2888 4011 2989 vm.

3864 3367 4010 3443 IX.

3899 4089 4010 4164 II.

3903 4513 4016 4644 Π.
