4730 6049
1048 637 1137 704 20
2002 633 2079 702 A.
2151 633 2223 702 E.
2296 629 2642 699 SIMON
2709 629 3153 698 THOMAS

1147 843 1535 919 Nlcomus
1568 864 2057 917 cnnrsrmuus
2092 863 2261 916 xrsr
2292 847 2502 916 natus
2525 847 2632 916 est
2657 839 3014 915 Bomeliae
3037 837 3152 913 die
3179 835 3546 912 undecimo
3576 837 3836 912 mensis
3855 835 4116 937 Aprilis

1052 963 1220 1040 anni
1254 962 1608 1038 millesimi
1650 960 2248 1062 septingentesimi
2288 958 2724 1060 nonagesimi
2768 959 2998 1048 tertii,
3051 964 3250 1058 patre
3290 981 3504 1032 rusro
3549 981 3898 1033 anuarino
3947 979 4117 1032 xrsr

1054 1083 1249 1158 verbi
1320 1081 1539 1157 divini
1606 1082 1944 1157 ministro,
2046 1080 2398 1157 Puerilem
2455 1087 2756 1156 aetatem
2815 1081 2888 1155 in
2935 1079 3158 1179 patria
3201 1077 3376 1153 urbe
3427 1077 3622 1178 degit
3642 1137 3662 1168 ‚
3715 1078 3841 1153 ubi
3890 1077 4118 1153 litera·

1053 1227 1213 1278 rum
1264 1201 1515 1276 studiis
1558 1199 1775 1300 probe
1828 1200 2146 1276 imbutus
2191 1207 2296 1276 est
2344 1200 2417 1275 in
2470 1199 2835 1301 gymnasio
2854 1258 2875 1289 ,
2915 1199 3104 1299 quod
3150 1223 3233 1273 eo
3277 1204 3588 1298 tempore
3627 1224 3672 1273 a
3715 1219 4120 1275 summme

1056 1343 1428 1396 rnnrsrnA
1455 1379 1475 1410 ‚
1526 1321 1669 1395 viro
1720 1320 2120 1396 doctissimo
2140 1373 2163 1413 ,
2213 1321 2496 1422 egregia
2547 1322 2899 1396 literarum
2954 1319 3162 1396 laude
3209 1319 3601 1418 regebatur.
3701 1317 4118 1418 Theologiae

1053 1440 1443 1516 destinatus
1515 1467 1699 1517 anno
1772 1442 2144 1517 millesimo
2222 1441 2800 1542 octingentesimo
2882 1441 3252 1516 undecimo
3335 1435 3623 1546 ineunte
3713 1439 3788 1514 in
3879 1437 4120 1514 album

1054 1561 1526 1636 studiosorum
1566 1569 1885 1661 receptus
1933 1569 2041 1636 est
2086 1562 2159 1635 in
2202 1561 2585 1637 Academia
2630 1561 3084 1636 Ultraiectina
3103 1618 3123 1649 ‚
3174 1557 3302 1632 ubi
3349 1581 3500 1632 VAN
3548 1581 3840 1634 nnusnn
3889 1557 3978 1634 V.
4011 1557 4116 1630 cl.

1051 1680 1313 1771 audiit,
1381 1681 1583 1757 cuius
1650 1681 2001 1756 institutio
2069 1706 2410 1781 magnum
2489 1682 2563 1756 in
2631 1681 2957 1756 iuvenem
3007 1679 3256 1754 habuit
3309 1683 3768 1753 momentum.
3889 1677 4118 1752 Histo-

1050 1803 1192 1876 rica
1261 1827 1416 1877 vero
1473 1803 1739 1892 studia,
1810 1827 2112 1900 quorum
2170 1803 2313 1877 iam
2383 1801 2538 1877 tum
2615 1825 2848 1878 amore
2913 1799 3292 1900 flagrabat,
3355 1797 3456 1872 ita
3534 1807 3644 1872 est
3721 1798 4122 1897 complexus

1036 1929 1137 1995 ‚ut
1176 1945 1504 2021 magnam
1554 1921 1665 1996 sui
1714 1922 1971 1997 faceret
2012 1923 2618 2023 exspectationem.
2719 1923 2931 1998 Anno
2979 1921 3249 1996 decimo
3289 1918 3536 2017 quinto
3573 1918 3784 1994 huius
3825 1917 4080 1994 saeculi
4098 1976 4120 2006 ‚
4261 1992 4268 1998 .

1054 2066 1275 2141 quum
1354 2043 1579 2142 patria
1648 2049 1881 2117 nostra
1907 2100 1928 2133 ,
1999 2043 2125 2117 diu
2197 2043 2474 2143 tyranni
2545 2044 3016 2120 dominatione
3083 2063 3410 2140 oppressa
3428 2097 3452 2128 2
3499 2063 3636 2112 non
3684 2038 3910 2114 multo
3961 2045 4122 2114 ante

1056 2159 1449 2235 libertatem
1502 2168 2015 2258 recuperasset,
2061 2186 2221 2236 cum
2272 2161 2748 2263 compluribus
2799 2161 3188 2236 studiorum
3239 2159 3440 2233 sociis
3483 2167 3555 2232 et
3581 2159 3838 2234 ‘amicis
3881 2159 3972 2233 ad
4002 2183 4120 2258 pa-

1056 2281 1261 2354 triam
1330 2278 1839 2354 defendendam
1909 2281 2241 2369 accurrit3
2318 2291 2478 2381 post
2543 2282 2822 2356 brevem
2891 2287 3124 2356 autem
3195 2278 3514 2354 militiam
3569 2278 3884 2376 proximo
3938 2302 4123 2352 anno

1056 2398 1517 2474 Ultraiectum
1583 2423 1895 2489 reversus
1914 2457 1934 2487 ,
2007 2406 2205 2474 tanto
2274 2401 2492 2475 animi
2561 2402 2802 2477 ardore
2877 2399 3130 2476 studiis
3195 2422 3476 2495 operam
3541 2399 3820 2473 navavit
3879 2406 3960 2472 ut
4010 2397 4122 2472 die

1057 2519 1326 2593 decimo
1364 2518 1567 2592 tertio
1608 2520 1869 2594 mensis
1898 2519 2143 2594 Martii
2173 2520 2340 2594 anni
2371 2519 2724 2595 millesimi
2760 2515 3316 2616 octingentesimi
3359 2515 3900 2590 duodevicesimi
3931 2539 4120 2590 sum-

1052 2662 1203 2713 mos
1269 2639 1343 2712 in
1398 2639 1779 2738 Theologia
1838 2640 2133 2714 honores
2185 2640 2484 2739 adeptus
2531 2639 2622 2714 sit
2663 2637 2947 2713 defensa
3002 2635 3521 2711 dissertatione:
3581 2638 3718 2711 nde
3763 2643 4119 2711 commuta·

1057 2762 1237 2834 tione
1276 2785 1479 2858 quam
1539 2761 1975 2835 Constantino
2017 2763 2283 2862 Mayno
2326 2764 2616 2836 societas
2663 2761 2876 2834 subiit
2943 2757 3358 2831 C'lm'stiana.
3438 2756 3574 2830 Die
3619 2764 3814 2830 sexto
3863 2756 4123 2832 mensis

1054 2876 1236 2952 Maii
1273 2875 1588 2950 eiusdem
1624 2876 1791 2952 anni
1814 2879 1905 2952 ad
1934 2886 2254 2954 sanctum
2280 2879 2748 2953 ministerium
2776 2875 3124 2952 admissus
3153 2885 3260 2950 est
3280 2933 3301 2964 ,
3337 2899 3565 2974 neque
3589 2875 3691 2951 ita
3718 2876 3942 2951 multo
3965 2884 4124 2975 post

1057 2995 1251 3071 verbi
1310 2995 1529 3070 divini
1587 2998 1920 3073 antistitis
1964 3023 2225 3075 munus
2280 2999 2418 3074 sibi
2464 2999 2780 3093 oblatum
2829 2998 2905 3072 in
2955 3021 3138 3097 pago
3190 2997 3314 3096 qui
3367 2996 3623 3071 dicitur
3669 2997 3925 3073 Zoelen
3972 3021 4122 3074 sus·

1056 3115 1259 3216 cepit.
1359 3114 1478 3189 Ibi
1544 3141 1671 3215 per
1733 3118 2293 3217 quinquennium
2364 3144 2622 3219 magna
2677 3126 2843 3193 cu'ra
2906 3140 3148 3192 omnes
3209 3117 3416 3191 officii
3475 3124 3710 3216 partes
3767 3118 4121 3217 implevit,

1059 3258 1290 3335 neque
1351 3243 1587 3309 tamen
1650 3245 2013 3336 propterea
2075 3240 2434 3315 literarum
2505 3238 2738 3314 studia
2800 3237 3146 3338 neglexit,
3216 3237 3436 3312 donec
3508 3262 3690 3312 anno
3757 3238 4125 3313 millesimo

1058 3356 1632 3454 octingentesimo
1681 3357 2015 3457 vigesimo
2062 3360 2268 3434 tertio
2328 3366 2600 3435 creatus
2663 3367 2770 3435 est
2835 3357 3190 3433 Professor
3237 3358 3822 3433 extraordinarius
3875 3358 4122 3433 Facul-

1060 3476 1223 3551 tatis
1272 3476 1725 3577 Theologicae
1775 3479 1849 3553 in
1894 3487 2131 3556 nostra
2172 3480 2557 3556 Academia
2578 3540 2598 3570 ,
2632 3480 2824 3580 qnod
2853 3503 3116 3554 munus
3146 3477 3260 3551 die
3297 3501 3483 3552 nono
3517 3478 3778 3553 mensis
3800 3477 4124 3553 Octobris

1064 3597 1463 3696 auspicatus
1528 3607 1635 3672 est
1706 3597 1945 3673 habita
2002 3600 2347 3676 oratione:
2433 3629 2470 3669 n
2493 3604 2577 3675 de
2626 3603 3116 3702 proyressione·
3171 3602 3430 3699 inyenii
3481 3600 3759 3675 humani
3819 3603 3894 3673 in
3966 3601 4123 3699 cloy-

1068 3725 1317 3792 matum
1390 3719 1679 3793 historia
1767 3720 2304 3796 Christianorum
2380 3721 3053 3796 animadvertenda.’'
3185 3718 3400 3792 Initio
3481 3724 3759 3793 tantum
3839 3718 4123 3793 tradidit

1070 3836 1453 3911 Historiam
1489 3838 2039 3915 Ecclesiasticam
2059 3900 2079 3929 ‚
2121 3848 2363 3940 postea
2405 3863 2560 3914 vero
2591 3862 2977 3927 ommam,
3019 3840 3160 3913 viro
3201 3836 3614 3927 clarissimo,
3655 3837 3832 3911 rude
3869 3837 4124 3912 donato

1071 3956 1282 4031 etiam
1349 3955 1733 4032 doctrinam
1796 3984 2071 4035 morum
2133 3960 2624 4036 Christianam.
2723 3960 3119 4035 Plurimum
3173 3966 3408 4033 tamen
3475 3982 3746 4057 semper
3795 3958 4124 4057 temporis

1044 4083 1148 4151 ‘et
1184 4078 1732 4175 operaefflribuit
1772 4080 2025 4155 studiis
2073 4079 2417 4155 historicis
2439 4140 2459 4169 ‚
2527 4081 2614 4154 de
2671 4079 2931 4179 quibus
2975 4079 3236 4178 optime
3290 4079 3580 4153 meritus
3627 4084 3753 4153 est.
3853 4077 4122 4153 Eodem

1075 4195 1219 4270 fere
1272 4203 1581 4297 tempore
1630 4200 2041 4274 neumarum
2086 4222 2398 4274 manum
2435 4223 2826 4274 norAAnns
2848 4258 2867 4287 ‚
2915 4224 3217 4299 quocum
3251 4206 3324 4273 et
3357 4200 3692 4273 affinitate
3720 4206 3791 4271 et
3819 4196 4123 4272 amicitia

1076 4316 1488 4393 coniunctus
1538 4326 1683 4393 erat
1706 4377 1727 4407 ,
1776 4319 2019 4394 eadem
2046 4320 2416 4417 ‘provincia
2462 4320 2535 4394 in
2583 4318 2937 4395 academia
2985 4318 3440 4395 Ultraiectina
3482 4317 3710 4393 delata
3757 4324 3901 4406 est,
3949 4341 4120 4417 quo-

1076 4460 1235 4512 cum
1282 4440 1595 4537 strenue!
1610 4464 1893 4539 operam
1944 4439 2139 4514 dedit
2185 4448 2267 4513 ut
2308 4439 2664 4515 Historiae
2687 4438 3208 4515 Ecclesiasticae
3245 4430 3318 4513 in
3362 4447 3599 4513 nostra
3641 4438 3864 4537 patria
3905 4437 4124 4512 honos

1078 4581 1249 4632 suus
1319 4558 1721 4634 redderetur
1782 4558 2072 4658 eiusque
2144 4559 2458 4634 studium
2519 4560 2580 4633 si
2645 4584 2784 4635 non
2845 4558 3268 4635 stabiliretur
3310 4566 3618 4634 attamen
3667 4556 4120 4639 revivisceret.

1075 4676 1287 4750 Anno
1336 4677 1703 4753 millesimo
1743 4678 2318 4778 octingentesimo
2379 4679 2713 4778 vigesimo
2767 4679 3064 4780 septimo
3107 4680 3456 4756 ordinaria
3510 4677 3842 4778 professio
3901 4676 3966 4751 ei
4013 4685 4123 4752 est

1079 4794 1313 4872 oblata
1334 4856 1353 4886 ,
1406 4822 1618 4897 quam
1667 4798 2063 4899 auspicatus
2114 4806 2223 4875 est
2274 4800 2568 4875 solemni
2611 4800 2958 4877 oratione:
3017 4830 3054 4871 n
3077 4803 3162 4877 de
3201 4802 3520 4876 Ecclesia
3559 4802 3824 4875 Graeca
3851 4801 4126 4875 divinae
