4730 6049
1804 633 2363 712 ORATIO.
3519 637 3610 704 55

552 842 783 944 potius
820 844 1149 942 proiecta
1200 848 1277 918 et
1324 844 1600 940 ι’ᾔανία
1642 844 1705 936 ¹)
1752 850 1835 918 ut
1873 841 2121 918 beatus
2162 842 2596 941 praedicetur
2634 841 3119 943 sagacissimus
3165 843 3282 918 ille
3325 844 3620 919 Germa·

554 989 689 1038 nus
710 1022 729 1052 ,
768 963 896 1062 qui
937 962 1249 1044 ordinem
1290 987 1500 1062 quem
1542 962 1615 1038 in
1660 962 1955 1062 singulis
1990 962 2520 1062 agglutinandis
2553 963 3034 1062 compilatores
3059 963 3280 1040 secuti
3317 962 3618 1052 fuerint,

550 1083 911 1183 reperierit
928 1141 949 1172 ,
1002 1083 1065 1158 si
1110 1083 1281 1158 ordo
1330 1091 1440 1158 cat
1482 1083 1819 1162 dicendus
1870 1109 1955 1160 ea
1998 1107 2229 1160 rerum
2280 1083 2632 1160 collocatio
2648 1142 2669 1173 ,
2737 1085 2938 1160 cuius
2987 1109 3232 1160 norma
3277 1091 3426 1158 erat
3471 1105 3612 1158 non

555 1202 871 1280 subiecta
912 1203 1235 1280 materies
1248 1261 1271 1293 ,
1324 1204 1447 1280 scd
1492 1203 1663 1280 varii
1706 1204 1981 1303 generis
2030 1212 2344 1280 auctores
2362 1261 2388 1292 ‚
2433 1229 2522 1280 ex
2563 1226 2861 1302 quorum
2907 1204 3180 1304 scriptia
3222 1203 3616 1304 fragmenta

554 1333 787 1402 essent
834 1323 1267 1424 excipienda.

650 1442 851 1520 Haec
912 1467 1131 1542 quum
1200 1443 1291 1520 ait
1353 1450 1637 1520 externa
1686 1443 2039 1543 praecipui
2090 1443 2302 1518 fontis
2352 1442 2666 1518 conditio
2684 1502 2705 1532 ,
2776 1468 2867 1519 an
2920 1444 3178 1519 mirum
3231 1444 3448 1519 videri
3491 1468 3616 1543 po-

556 1569 733 1652 tent,
798 1562 1172 1638 nonnullos
1237 1563 1545 1662 alioquin
1594 1562 1907 1640 discendi
1952 1563 2243 1664 cupidos
2286 1571 2544 1640 rectam
2593 1564 2771 1640 viam
2820 1564 3128 1640 iuvenire
3171 1565 3624 1664 desperantes

554 1689 1087 1781 metuentesque
1102 1740 1125 1771 ,
1170 1707 1263 1758 ne
1290 1683 1627 1760 sudando
1675 1685 2022 1760 volverent
2066 1709 2311 1760 saxum
2367 1694 2440 1760 et
2477 1685 2888 1784 proficerent
2931 1685 3266 1774 nihilum,
3315 1684 3618 1760 arduum

553 1812 625 1877 et
680 1803 1039 1903 ingratum
1104 1802 1229 1902 qui
1274 1805 1410 1879 sibi
1462 1805 1810 1882 videretur
1858 1805 2167 1882 laborem
2211 1804 2546 1882 abiecisse
2587 1813 2661 1880 et
2701 1803 2796 1880 ad
2837 1805 2972 1880 alia
3021 1804 3302 1904 quaevis
3347 1804 3620 1879 animoa

552 1924 889 2000 vertisse?

650 2159 955 2238 Diffiteri
971 2220 992 2249 ,
1042 2161 1249 2236 hasce
1292 2161 1732 2238 difficultates
1778 2161 2087 2238 obfuisse
2130 2161 2504 2261 aliquando
2531 2185 2794 2262 perque
2822 2186 2940 2238 eas
2977 2161 3238 2238 finctum
3261 2220 3282 2248 ,
3309 2168 3391 2238 ut
3408 2161 3617 2261 pleri-

550 2305 687 2381 que
724 2306 867 2356 non
912 2282 1097 2358 ultra
1143 2305 1555 2358 ms'rnmur
1599 2282 2085 2360 Institutiones
2130 2291 2487 2384 saperent,
2539 2307 2778 2358 eorum
2813 2291 2963 2372 est,
3013 2282 3140 2384 qui
3181 2285 3352 2359 dum
3382 2282 3618 2362 omnia

550 2423 728 2499 quae
774 2408 980 2488 aunt,
1050 2402 1153 2476 uti
1206 2409 1409 2492 sunt,
1479 2403 1661 2480 tueri
1712 2427 1787 2476 se
1836 2411 2127 2502 putant,
2180 2403 2416 2478 omnia
2465 2403 2601 2477 sibi
2655 2403 2746 2480 de
2789 2403 3118 2480 manibus
3159 2403 3302 2479 labi
3348 2405 3624 2504 patian-

552 2528 689 2596 tur.
789 2520 1134 2596 Nostrum
1178 2530 1286 2598 est
1326 2521 1828 2622 impedi-menta
1866 2522 2301 2627 quae-nebia⁵
2325 2523 2601 2598 obstare
2641 2523 2998 2612 videntur,
3051 2524 3114 2599 ai
3156 2549 3296 2600 non
3334 2525 3617 2616 tollere,

548 2647 623 2714 at
666 2648 855 2714 certe
909 2641 1245 2718 minuere.
1345 2642 1593 2718 Dicam
1637 2642 1829 2740 quod
1876 2643 2131 2718 sentio:
2205 2644 2356 2718 Iuri
2397 2645 2718 2718 Romano
2757 2666 2966 2742 opera
3007 2651 3116 2718 est
3160 2643 3423 2732 danda,
3473 2669 3616 2718 non

550 2761 741 2859 quod
808 2763 1209 2840 Romanum
1231 2821 1251 2852 ,
1313 2763 1434 2838 sed
1498 2763 1691 2862 quod
1749 2763 1861 2836 ius
1914 2773 2061 2852 est,
2128 2763 2388 2862 quibus
2431 2761 2658 2838 verbis
2707 2763 2786 2836 id
2825 2763 3122 2862 intelligi
3173 2763 3324 2838 volo
3343 2821 3364 2851 ‚
3425 2764 3617 2863 quod

548 2881 627 2958 in
688 2907 773 2956 eo
822 2884 1264 2982 reperiuntur
1306 2884 1673 2960 innumera
1714 2884 1969 2984 placita
2011 2891 2083 2958 et
2125 2885 2295 2958 iusti
2342 2885 2662 2959 notiones
2705 2908 2886 2981 quae
2926 2884 3224 2960 naturali
3265 2884 3622 2982 aequitate

551 3001 889 3087 fundatae
950 3012 1022 3079 et
1076 3030 1163 3079 ex
1228 3004 1480 3081 intima
1534 3003 1899 3081 hominum
1952 3005 2025 3079 in
2086 3005 2412 3081 societate
2467 3003 2874 3104 degentium
2929 3007 3180 3079 natura
3230 3003 3574 3079 derivatae
3593 3062 3622 3093 ,

550 3124 869 3200 omnium
950 3126 1237 3225 quidem
1306 3126 1556 3203 animis
1618 3126 1869 3201 insitae
1936 3134 2139 3215 sunt,
2206 3125 2331 3201 sed
2356 3191 2361 3198 .
2383 3124 2576 3224 apud
2623 3124 2978 3199 Romanos
3031 3124 3337 3224 primum
3389 3124 3618 3199 vivam

546 3243 845 3323 formam
888 3253 959 3321 et
1004 3270 1401 3346 expressam
1444 3245 1821 3347 imaginem
1862 3254 2296 3345 acceperunt.
2396 3247 2506 3321 Ex
2547 3246 2679 3321 hac
2727 3245 2900 3320 silva
2939 3244 3142 3319 nobis
3183 3244 3358 3321 adeo
3399 3252 3618 3319 mate-

548 3364 687 3441 ries
730 3366 1165 3464 quaerenda,
1217 3367 1343 3441 sed
1392 3368 1491 3441 ita
1540 3366 1825 3467 quidem
1847 3425 1866 3456 ,
1932 3375 2015 3441 ut
2058 3394 2143 3443 ex
2192 3367 2323 3441 hac
2364 3366 2652 3441 materie
2695 3389 2873 3440 nova
2919 3368 3042 3439 fiat
3083 3364 3366 3463 species.
3441 3365 3620 3462 Spe·

546 3484 845 3561 cificatio
905 3486 1081 3575 ista,
1156 3494 1236 3561 ut
1298 3487 1591 3563 barbara
1644 3494 1799 3563 utar
1850 3510 2011 3563 voce
2031 3546 2051 3576 ,
2104 3494 2370 3586 spectat
2411 3494 2570 3561 tum
2615 3485 3004 3584 explicandi
3052 3485 3232 3557 viam
3275 3491 3348 3557 et
3403 3482 3614 3557 ratio-

546 3629 749 3694 nem,
819 3614 977 3681 tum
1036 3614 1449 3705 argumenta
1512 3608 1769 3705 quibus
1826 3608 2271 3706 potissimum
2333 3606 2871 3681 immorandum.
2973 3604 3188 3683 Quod
3253 3604 3344 3678 ad
3393 3602 3610 3692 illud,

546 3726 787 3805 relicto
851 3726 1092 3825 inepto
1164 3734 1238 3801 et
1310 3728 1578 3801 dudum
1644 3729 1925 3827 exploso
1983 3728 2438 3827 Digestorum
2505 3726 2785 3814 ordine,
2851 3726 2964 3800 ius
3023 3723 3220 3798 civile
3273 3722 3462 3822 quod
3511 3720 3617 3795 ibi

546 3844 891 3921 diffusum
932 3856 1003 3921 et
1045 3845 1459 3946 dissipatum
1492 3856 1633 3935 est,
1684 3872 1771 3922 ea
1808 3856 1955 3923 arte
1998 3856 2105 3923 eat
2141 3848 2579 3923 tractandum
2603 3904 2622 3935 ,
2673 3872 2812 3945 qua
2835 3902 2856 3934 ‚
2911 3853 2990 3919 ut
3038 3868 3425 3924 Donamus
3471 3843 3609 3931 ait,

554 3964 693 4039 nfit
738 3988 827 4037 ne
870 3963 1149 4040 animus
1190 3964 1263 4039 in
1309 3965 1519 4041 rebus
1560 3965 1652 4041 ad
1695 3973 2000 4041 nostram
2047 3966 2485 4065 disciplinam
2527 3965 3038 4066 pertinentibus
3077 3961 3610 4064 persequendiS,

554 4092 979 4183 'tamquam
1021 4084 1299 4159 incertis
1342 4084 1629 4161 aedibus
1675 4095 2000 4185 vagetur,
2058 4087 2345 4187 ignarus
2398 4112 2542 4186 quo,
2589 4086 2831 4161 tendat
2881 4094 3006 4161 aut
3047 4084 3218 4183 quid
3263 4082 3610 4183 primum,

552 4204 785 4304 aquid
832 4196 1265 4303 postremum
1314 4205 1515 4303 sequi
1562 4205 1886 4281 debeat.”

646 4324 950 4423 Singula
1012 4322 1337 4401 instituta
1406 4350 1543 4401 suo·
1598 4325 1748 4403 loco
1804 4326 2133 4401 collocata
2190 4334 2262 4401 et
2322 4336 2486 4426 apto
2533 4326 2776 4403 ordine
2823 4324 3158 4424 disposita
3175 4382 3196 4410 ,
3253 4332 3438 4398 recte
3487 4322 3610 4395 de-

546 4444 987 4530 scribantur,
1036 4468 1289 4542 genere
1332 4446 1463 4521 rite
1510 4453 1876 4534 notentur,
1927 4446 2243 4544 partibus
2290 4446 2834 4535 distribuantur,
2883 4445 3116 4521 omnia
3162 4442 3460 4540 denique
3509 4440 3612 4515 ita

544 4565 1017 4665 explanantur
1036 4622 1055 4651 ,
1128 4572 1208 4637 ut
1274 4574 1610 4665 perpetuo
1676 4566 1863 4665 ipsos
1928 4567 2264 4641 adeamus
2323 4575 2398 4640 et
2459 4575 2922 4643 monstremus
2979 4564 3202 4639 fontes
3221 4620 3242 4650 ,
3307 4584 3448 4658 quo
3513 4559 3608 4632 oh

676 4826 727 4907 ¹)
766 4826 1090 4887 Donamus
1130 4826 1443 4891 Commeat.
1481 4832 1597 4891 Iur.
1640 4828 1766 4891 civ.
1803 4830 1857 4890 Ι.
1902 4833 1933 4889 1
1976 4832 2000 4907 §
2045 4833 2141 4891 10.
