4730 6049
1815 644 2374 716 ORATIO.
3497 650 3624 719 145

572 853 761 935 primis
813 874 947 915 vero
1000 854 1111 915 hoe
1164 852 1393 917 nomine
1430 853 1749 935 Disputatio
1788 855 2093 918 doctissimi
2136 873 2419 918 mansos:
2460 876 2556 919 een
2591 858 2958 920 niem-vend
2989 858 3160 932 (Gids
3175 904 3192 933 ,
3233 859 3274 919 J
3273 860 3391 938 unij
3436 863 3623 935 1860)

570 975 905 1037 magnopere
944 962 1028 1017 est
1064 954 1355 1019 laudanda.
1497 1019 1505 1028 ,

650 1056 755 1139 21)
796 1060 909 1119 Nil
942 1060 1126 1120 damni
1162 1078 1231 1119 ao
1266 1057 1581 1120 detrinoenti
1619 1092 1699 1106 —-
1736 1060 2192 1123 extimescendum.
2223 1098 2257 1121 ,ι
2278 1062 2368 1123 Cf.
2411 1061 2590 1124 instar
2627 1062 2880 1125 omnium
2919 1079 3218 1125 nunninus
3258 1081 3451 1126 Lana:
3509 1066 3628 1129 Eia

574 1162 729 1239 Gany
780 1164 957 1223 durch
1004 1162 1099 1223 die
1160 1162 1499 1222 Uffletlt'che
1561 1163 1734 1236 Wlt,
1790 1184 1955 1243 quem
1972 1211 1989 1238 ,
2042 1165 2103 1225 in
2144 1164 2252 1225 hae
2292 1166 2545 1229 oratione
2587 1164 2986 1227 conscribenda
3002 1211 3017 1239 ‚
3070 1187 3162 1229 me
3202 1170 3450 1249 pluribus
3489 1170 3629 1230 loeis

570 1262 643 1325 ob
696 1265 888 1325 oeulos
942 1262 1235 1336 habuisse,
1294 1269 1443 1325 reete
1498 1265 1753 1325 nonnulli
1805 1287 1838 1328 e
1890 1266 2029 1327 meis
2082 1266 2424 1328 auditoribus
2477 1268 2738 1349 suspicati
2786 1274 2938 1330 sunt.
3022 1270 3138 1330 Hie
3153 1315 3168 1343 ,
3225 1290 3325 1332 sua
3378 1270 3630 1352 exposita

571 1367 871 1438 sententia,
936 1386 1047 1446 qua
1102 1365 1541 1443 Euangeliorum
1600 1368 1889 1429 Historiea
1946 1368 2085 1431 fides
2148 1369 2368 1451 penitus
2423 1370 2793 1443 subvertitur,
2849 1392 2907 1453 p.
2965 1375 3082 1431 192
3144 1372 3392 1453 scripsit:
3475 1371 3630 1434 aeDie

570 1468 879 1546 Theologie
926 1469 1027 1529 hat
1070 1468 1165 1529 bei
1207 1468 1387 1529 dieser
1428 1470 1791 1533 verunderten
1830 1474 2087 1550 Stellung
2126 1472 2426 1533 nuendlieh
2470 1472 2580 1534 viel
2620 1492 2924 1551 gewonnen
2939 1519 2956 1547 ‚
2995 1476 3258 1535 wabrend
3287 1476 3377 1535 die
3414 1476 3630 1537 Kircke

572 1572 699 1631 oder
736 1572 827 1632 die
862 1572 1125 1647 reliqib‘se
1168 1572 1451 1633 Gemeinde
1480 1573 1789 1649 Jed'eqsalle
1826 1572 2011 1633 nieht-3
2050 1574 2297 1633 ver-loma
2335 1571 2502 1652 batss’
2563 1574 2644 1633 Et
2676 1596 2735 1657 p.
2771 1576 2922 1638 197:
2989 1575 3160 1637 ,was
3189 1577 3294 1636 soll
3313 1577 3404 1638 die
3421 1578 3632 1639 Kircbe

577 1672 683 1733 dan
738 1673 1019 1751 eigenlieh
1075 1676 1329 1736 verloren
1381 1673 1566 1735 haben
1579 1674 1648 1733 1³³³
1700 1695 1753 1756 p.
1812 1678 1931 1735 204
1986 1679 2045 1737 et
2106 1678 2255 1735 205:
2344 1676 2530 1735 nAlso
2585 1675 2736 1737 noch
2791 1675 3027 1737 einmal:
3091 1678 3214 1738 Hat
3247 1679 3338 1739 die
3375 1680 3633 1755 reliqiuaee

574 1776 853 1836 Gmeinde
890 1777 989 1836 der
1026 1778 1243 1837 Kireke
1282 1776 1459 1838 durch
1499 1777 1591 1838 die
1631 1778 1971 1856 Ergebnisse
2010 1777 2111 1838 der
2148 1796 2390 1839 neuereu
2433 1777 2628 1839 Kritik
2669 1798 2762 1838 am
2801 1778 3022 1839 wahren
3054 1779 3352 1858 religiosen
3385 1780 3632 1842 Lebens·

572 1877 763 1954 gehalt
794 1878 979 1939 Etwas
1006 1878 1371 1957 eingebiiutl'
1410 1879 1619 1941 Nichts
1634 1924 1650 1952 ,
1686 1900 1790 1957 gar
1818 1880 2034 1942 niebtsl
2076 1880 2230 1941 Aber
2261 1880 2552 1957 gewinneu
2575 1881 2718 1941 werd
2739 1880 2821 1941 sie
2842 1880 2951 1942 viel
2964 1879 3020 1938 l’'
3043 1914 3125 1927 -—-
3143 1883 3234 1943 01.
3251 1900 3305 1943 c.
3328 1900 3404 1944 w.
3425 1900 3632 1944 orzoc-

573 1995 737 2052 ω,
776 1980 843 2039 de
878 1981 1165 2041 vaurkeid
1194 2000 1261 2041 en
1298 1984 1437 2041 kare
1476 1984 1840 2055 habronem,
1897 2005 1955 2066 p.
1998 1988 2097 2045 90.
2163 1984 2524 2043 aeVoorwaarl
2563 1981 2757 2043 indien
2799 1982 2870 2044 de
2911 1983 3270 2062 overtuiging
3309 2004 3442 2047 eens
3483 1986 3636 2063 alge·

572 2102 733 2145 meen
784 2084 990 2158 werdt,
1046 2083 1139 2146 die
1195 2084 1318 2145 zieh
1373 2085 1648 2165 dagelijks
1699 2084 1965 2146 uitbreidt
1982 2130 1999 2159 ,
2056 2084 2153 2147 dat
2208 2085 2277 2147 de
2330 2085 2816 2147 wonderverhalen
2871 2106 3017 2163 geen
3073 2086 3270 2164 geloof
3302 2086 3599 2149 vel-dienen
3617 2134 3633 2161 ,

571 2205 631 2247 er
666 2189 765 2246 sal
794 2187 943 2247 sieta
986 2194 1045 2247 te
1080 2188 1291 2264 qronde
1330 2187 1445 2267 zijn
1486 2208 1703 2266 gegaan
1746 2187 1855 2249 dan
1898 2187 1969 2249 de
2008 2188 2353 2267 onredelijke
2394 2188 2770 2267 verwaehting
2790 2233 2807 2262 ,
2847 2186 2948 2249 dat
2984 2188 3084 2249 het
3122 2188 3257 2251 zaad
3292 2208 3457 2251 eener
3497 2208 3638 2251 ware

568 2289 895 2368 geeetelijke
946 2288 1275 2367 godsdienst
1330 2290 1447 2353 niet
1503 2292 1617 2355 kan
1656 2290 1877 2353 worden
1918 2290 2283 2369 uitgeatrooid
2301 2336 2316 2364 ,
2375 2292 2581 2353 zonder
2619 2293 2733 2353 ook
2773 2290 2845 2352 de
2887 2292 3156 2355 vruehten
3193 2313 3302 2355 van
3346 2292 3640 2354 wonderen

572 2392 631 2452 in
684 2391 757 2453 de
811 2398 1015 2455 natum·
1066 2398 1231 2455 voert
1282 2400 1339 2455 te
1394 2394 1643 2472 brengen
1662 2394 1728 2472 5⁹²
1786 2400 1845 2455 et
1900 2416 1957 2475 p.
2010 2396 2083 2459 97
2104 2418 2121 2453 =
2182 2396 2371 2455 nniets
2428 2416 2534 2457 van
2577 2395 2818 2473 hetgeen
2859 2414 2964 2455 ons
3003 2394 3260 2457 diei-baar
3299 2397 3540 2458 behoort
3579 2404 3640 2459 te

572 2494 683 2574 aijn
726 2496 813 2555 καὶ
854 2514 917 2555 er
954 2494 1033 2573 bij
1076 2495 1252 2573 liiden
1268 2518 1287 2573 ;
1332 2498 1549 2559 veeleer
1586 2500 1765 2558 zallen
1808 2516 1868 2558 er
1906 2496 1977 2558 de
2016 2496 2359 2559 Godsdienst
2401 2518 2470 2559 en
2512 2498 2612 2558 het
2647 2497 3048 2560 Christendom
3079 2497 3161 2576 bij
3201 2498 3416 2559 winnen
3436 2545 3451 2572 ,
3493 2504 3641 2559 want

574 2616 635 2658 ze
682 2599 869 2659 zullen
920 2597 1029 2658 den
1084 2599 1417 2676 tegenstand
1472 2620 1579 2661 van
1632 2600 1743 2661 den
1796 2599 2103 2679 redelijken
2158 2606 2313 2677 geest
2367 2600 2487 2661 niet
2533 2619 2687 2661 meer
2725 2600 3014 2661 behoeven
3055 2604 3114 2660 te
3155 2601 3449 2661 vreezen.'’
3533 2601 3640 2661 Uti

576 2700 661 2761 cl.
702 2718 1019 2762 orzoolnzn
1074 2700 1167 2761 his
1209 2702 1392 2763 verbis
1434 2702 1667 2763 candide
1706 2721 1861 2763 suam
1900 2702 2233 2763 sententiam
2274 2702 2532 2782 exposuit
2545 2746 2562 2774 ,
2621 2700 2704 2762 eie
2745 2701 2975 2763 minime
3011 2700 3476 2763 dissimulandum
3519 2723 3640 2767 esse

575 2803 733 2877 duxi,
778 2804 927 2863 illius
966 2802 1176 2865 librum
1194 2850 1209 2877 ,
1253 2804 1575 2885 ceteroquin
1613 2804 1865 2866 laudibus
1903 2804 2017 2867 suis
2056 2824 2125 2865 ae
2162 2804 2376 2865 meritis
2416 2801 2649 2864 minime
2685 2802 3122 2865 defi-audendum
3143 2849 3160 2877 ,
3204 2824 3374 2885 aeque
3405 2824 3474 2865 ae
3505 2805 3640 2867 bina

575 2908 777 2988 scripta
828 2906 1137 2985 (ranam-11
1153 2952 1169 2979 ,
1228 2909 1281 2967 le
1326 2908 1519 2969 Christ
1550 2914 1609 2969 et
1646 2910 1707 2969 la
1744 2908 2074 2979 emacem,
2110 2912 2182 2969 *et
2220 2923 2460 2979 nuum,
2503 2908 2582 2967 les
2622 2906 2953 2967 Historiam
2993 2906 3262 2984 critique
3304 2909 3371 2967 de
3405 2906 3604 2989 rasus)
3620 2954 3637 2981 ‚

577 3008 719 3072 mihi
758 3029 953 3070 ansam
994 3009 1313 3092 praebuisse
1350 3010 1515 3072 huius
1552 3010 1862 3090 argumenti
1896 3008 2139 3089 eligendi
2176 3014 2233 3072 et
2270 3008 2566 3072 tractandi.
2649 3008 2816 3070 Quod
2849 3009 3124 3090 reliquum
3159 3014 3243 3070 eet
3257 3056 3272 3083 ,
3315 3009 3454 3072 levis
3495 3015 3642 3072 esset

576 3132 771 3194 operae
786 3159 803 3186 ‚
846 3111 945 3172 hie
978 3117 1037 3174 et
1070 3113 1179 3174 alia
1212 3113 1444 3174 nomina
1477 3115 1567 3175 vel
1600 3114 1803 3195 scripta
1830 3133 2157 3176 memorare.
2204 3110 2372 3174 Unde
2405 3117 2594 3174 tamen
2630 3111 3023 3174 abstinendum
3043 3131 3162 3173 esse
3183 3111 3342 3186 duxi,
3379 3115 3643 3194 quoniam

578 3215 721 3276 mihi
764 3217 917 3276 nulla
958 3234 1147 3295 pugna
1188 3221 1275 3277 est
1312 3216 1447 3296 ipsis
1488 3237 1613 3278 eum
1654 3215 1959 3292 Theologis
1976 3261 1991 3289 ‚
2037 3215 2135 3278 sed
2170 3217 2289 3276 sola
2322 3235 2450 3276 cum
2483 3214 2792 3286 sententia,
2827 3233 2996 3293 quam
3027 3213 3374 3276 refutandam
3407 3216 3644 3297 suseepi.

656 3316 765 3398 22)
800 3318 975 3378 Recte
1014 3319 1155 3378 mihi
1192 3318 1461 3379 monuisse
1499 3319 1769 3382 videntur.
1850 3317 1954 3381 eff.
1994 3339 2137 3398 quae
2152 3363 2171 3392 ‚
2212 3317 2285 3379 ad
2324 3317 2614 3379 notionem
2653 3331 2900 3380 cuman
2933 3315 3225 3376 Historia·
3259 3321 3422 3396 atque
3456 3319 3644 3378 Euan·

574 3418 845 3496 galiorum
886 3416 1259 3495 ἀξιοπιστίαν
1296 3420 1445 3480 bene
1482 3419 1851 3482 definiendam
1866 3466 1883 3493 ‚
1936 3420 2219 3482 observari
2258 3419 2422 3480 iussit
2463 3419 2553 3480 01.
2597 3435 2902 3485 sonem-su
2918 3464 2935 3493 ,
2980 3421 3124 3479 Leer
3161 3419 3260 3478 der
3298 3421 3642 3481 Hervormde

576 3523 759 3595 Καὶ,
790 3526 849 3582 ·t.
886 3522 939 3583 Ι.
978 3541 1036 3602 p.
1080 3525 1218 3595 24¹1,
1262 3527 1348 3584 8⁸⁶
1390 3521 1547 3585 Edit.

658 3621 763 3704 23)
804 3624 957 3684 Idem
989 3624 1251 3686 iudicium
1283 3626 1351 3685 de
1382 3625 1625 3686 omnibu
1654 3657 1738 3670 —-
1754 3625 2047 3700 serendum
2079 3643 2227 3696 ease,
2262 3627 2594 3686 vehementer
2625 3642 2781 3700 neqo.
2817 3657 2896 3670 -
2931 3625 3060 3684 Iure
3085 3642 3186 3685 suo
3217 3623 3306 3684 cl.
3326 3640 3640 3686 orzoomm

578 3726 865 3787 contendit
906 3728 977 3787 ab
1000 3725 1147 3799 illo,
1197 3726 1295 3806 qui
1333 3727 1657 3788 miraculum
1694 3727 2063 3806 quodeunque
2102 3725 2351 3798 reiieiat,
2395 3725 2566 3788 etiam
2601 3727 2657 3788 Ι.
2699 3725 2768 3790 0.
2807 3725 3262 3788 resurrectionem
3301 3744 3423 3789 esse
3461 3725 3642 3790 reiici-

578 3828 777 3890 endam
793 3852 812 3906 ;
858 3828 1091 3890 minime
1132 3847 1265 3889 vero
1311 3827 1513 3889 exinde
1554 3829 1833 3910 sequitur,
1876 3827 2025 3909 quod
2069 3829 2155 3889 vir
2196 3827 2581 3906 segadssimus
2623 3833 2860 3890 statuere
2901 3828 3150 3901 videtur,
3193 3829 3262 3912 (l.
3283 3851 3334 3892 e.
3354 3850 3409 3911 p.
3435 3827 3538 3912 96)
3567 3831 3639 3892 ab

576 3933 677 3992 illo
690 3977 707 4005 ,
762 3931 860 4012 qui
902 3951 1075 3992 unum
1112 3931 1439 3992 miraoulum
1480 3931 1773 4004 admittat,
1826 3933 1948 3994 eine
1986 3931 2101 3992 ullo
2142 3932 2400 4012 scrupulo
2440 3935 2640 3994 cuncta
2699 3950 2818 3992 ease
2867 3930 3230 3994 admittenda.
3323 3933 3508 3994 Multo
3555 3953 3642 3996 re·

577 4034 719 4094 etius
772 4053 842 4094 ae
900 4033 1081 4094 verius
1134 4051 1397 4096 Pneau‘r:
1438 4035 1492 4094 le
1536 4033 1729 4094 Chr-iet
1766 4038 1826 4093 et
1868 4035 1929 4092 Ia
1965 4031 2300 4104 maenae,
2350 4051 2409 4110 p.
2453 4034 2563 4092 64:
2625 4031 2728 4091 111
2766 4050 2838 4094 ne
2879 4031 3001 4092 faut
3040 4051 3170 4113 pas,
3211 4051 3304 4094 me
3341 4031 3638 4109 dira-t-on,

578 4134 947 4198 marehander
986 4155 1121 4198 aree
1162 4136 1245 4196 lea
1284 4135 1574 4214 miraules3
1616 4155 1691 4196 ou
1730 4137 1813 4196 les
1852 4140 2107 4216 acceptet
2148 4138 2303 4206 tous,
2345 4153 2422 4193 ou
2461 4133 2543 4194 les
2583 4133 2707 4194 niet
2747 4152 2816 4194 en
2859 4153 3059 4196 masse.
3135 4135 3208 4196 Je
3245 4155 3319 4196 ne
3361 4155 3504 4197 veux
3543 4158 3643 4218 pas

578 4239 737 4298 mbir
790 4243 939 4299 cette
992 4237 1340 4316 oontrainte3
1400 4257 1471 4298 un
1518 4238 1744 4298 miraele
1786 4242 1919 4318 peut
1956 4235 2115 4297 avoir
2148 4235 2261 4296 lieu
2276 4279 2293 4309 ‚
2334 4253 2463 4295 sans
2501 4235 2641 4314 qu’il
2677 4255 2717 4312 y
2751 4235 2832 4296 ait
2863 4256 3006 4316 pour
3033 4237 3152 4296 uela
3179 4235 3452 4297 n6eessit6
3483 4235 3642 4298 d’ad·

577 4345 783 4402 mettre
832 4346 959 4401 tous
998 4340 1081 4402 les
1133 4340 1394 4418 autres3'’
1446 4363 1503 4423 p·
1547 4345 1701 4402 330:
1764 4341 1949 4401 nTout
1988 4359 2063 4400 ou
2100 4338 2219 4400 rien
2262 4343 2347 4398 est
2387 4357 2497 4398 une
2535 4337 2786 4400 muniere
2826 4337 2898 4400 de
2937 4337 3254 4400 consideret
3291 4339 3373 4396 les
3411 4339 3637 4411 choses,

579 4461 691 4522 que
726 4441 1029 4504 l’Histoire
1068 4461 1141 4504 ne
1181 4445 1449 4508 confirmo
1482 4443 1715 4521 jamnis,
1762 4447 1823 4504 et
1860 4443 1959 4522 qui
1994 4441 2140 4504 tient
2179 4440 2256 4501 du
2286 4441 2392 4519 jeu
2429 4441 2552 4522 plus
2589 4459 2699 4521 que
2738 4440 2910 4501 d’une
2947 4438 3130 4500 Etude
3166 4436 3554 4518 impartielle.”

667 4543 775 4624 24)
834 4549 1033 4604 Uetera
1080 4563 1315 4623 quoque,
1339 4545 1515 4606 nauus
1548 4551 1729 4610 ,verta
1780 4544 1955 4606 reddi.
2054 4543 2341 4604 Nonnulla
2399 4561 2467 4604 ex
2519 4541 2841 4621 Euangeliie
2895 4541 3170 4614 delibare,
3233 4560 3376 4620 quae
3427 4541 3644 4602 summa.

576 4647 775 4708 nostra
816 4646 1185 4708 admiratione
1224 4647 1397 4726 digna
1436 4647 1727 4710 videantur
1742 4691 1759 4718 ‚
1810 4651 1995 4708 cetera
2034 4665 2165 4708 vero
2203 4664 2468 4726 seponere
2509 4645 2598 4706 vel
2639 4646 2922 4723 negligere
2937 4690 2954 4718 ,
2994 4643 3054 4704 id
3096 4641 3375 4721 'theologi
3413 4641 3638 4724 quidem

579 4769 783 4812 munus
840 4754 900 4810 et
950 4747 1198 4812 laborem
1250 4771 1514 4832 perquam
1570 4751 1791 4814 facilem
1832 4748 2115 4827 redderet3
2170 4753 2260 4823 at,
2318 4748 2368 4808 ai
2409 4747 2542 4828 quid
2585 4747 2744 4810 video
2762 4792 2778 4822 ,
2821 4747 2932 4808 hoe
2970 4745 3087 4808 veri
3109 4744 3369 4814 ,nominis
3407 4744 3642 4808 seientia

581 4871 809 4932 prorsus
862 4850 1155 4931 indiguum
1194 4853 1532 4916 censendum
1574 4859 1677 4916 est.
1758 4852 1973 4916 Cuncta
1989 4896 2005 4926 ,
2059 4856 2123 4914 ut
2163 4870 2358 4913 sanum
2403 4856 2566 4931 atque
2605 4869 2839 4931 aequum
2879 4849 2952 4912 de
2989 4847 3284 4928 Religione
3325 4848 3644 4914 Christiana

3196 4952 3291 5024 19
