4730 6049
1838 637 2376 706 ORATIO
3265 666 3274 672 ·
3505 642 3635 710 133

568 844 683 919 illo
740 843 911 919 inde
972 844 1123 934 die,
1190 844 1564 921 clarissime
1630 848 1953 922 nonnus!
2030 846 2104 921 in
2175 848 2684 948 Theologorum
2749 848 3062 923 ordinem
3115 849 3214 922 Te
3271 856 3627 947 receptum

570 964 931 1041 laetamur.
1028 966 1420 1056 Nimirum,
1487 966 1593 1041 uti
1661 967 2023 1043 clarissimi
2090 990 2536 1043 BonuArmns
2588 976 2659 1042 et
2704 989 2934 1043 vmxs
2980 970 3079 1043 Te
3126 969 3634 1068 praestantissi-

571 1110 771 1161 mum
820 1084 987 1159 olim
1030 1085 1483 1185 discipulum,
1534 1094 1939 1185 exoptatum
1986 1086 2121 1162 sibi
2160 1112 2347 1163 nunc
2387 1088 2648 1163 socium
2690 1097 2761 1162 et
2802 1088 3135 1187 collegam
3173 1114 3332 1163 cum
3376 1090 3637 1187 gaudio

576 1207 1001 1296 salutarunt3
1065 1205 1163 1281 sic
1216 1214 1287 1281 et
1336 1206 1509 1281 mihi
1557 1208 1768 1282 talem
1826 1208 1925 1282 Te
1987 1208 2453 1308 comprobasti
2499 1208 2834 1307 collegam
2890 1216 2962 1282 et
3009 1208 3308 1297 socium,
3358 1209 3636 1307 qualem

574 1327 750 1403 mihi
792 1332 1035 1426 optare
1090 1334 1441 1426 poteram;
1492 1333 1565 1401 et
1612 1350 1867 1425 magna
1911 1352 2023 1401 me
2076 1334 2268 1401 tenet
2320 1352 2476 1427 spes
2529 1326 2674 1402 fore
2729 1335 2810 1402 ut
2857 1328 2998 1401 veri
3049 1327 3351 1402 nominis
3401 1329 3637 1405 amici-

579 1448 717 1537 tia,
742 1460 939 1535 mm,
1012 1470 1313 1523 cums'rr
1383 1448 1663 1546 verique
1710 1471 1905 1523 amor
1956 1447 2031 1521 in
2082 1447 2230 1521 dies
2279 1448 2506 1547 magis
2561 1454 2635 1522 et
2682 1447 2936 1521 arctius
2977 1470 3104 1522 nos
3152 1448 3401 1547 iungat
3441 1448 3636 1525 iunc-

585 1576 829 1666 tosque
895 1590 1059 1643 nos.
1094 1574 1365 1657 teneat,
1414 1590 1641 1667 neque
1696 1592 2009 1667 unquam
2059 1567 2558 1643 sententiarum
2606 1568 2678 1641 in
2727 1566 3160 1667 Theologicis
3207 1567 3602 1643 diversitate
3622 1628 3645 1656 ,

588 1687 1021 1787 singulorum
1062 1710 1150 1761 ex
1200 1686 1620 1763 conscientia
1668 1688 2006 1764 existente
2026 1748 2047 1778 ,
2116 1688 2247 1763 hoc
2297 1688 2641 1764 amicitiae
2691 1686 3044 1763 vinculum
3100 1687 3381 1762 dissolvi
3425 1688 3644 1787 patia-

588 1832 769 1883 mur.
866 1808 957 1881 In
1011 1805 1121 1881 his
1182 1806 1283 1881 'l'e
1350 1803 1525 1881 mihi
1570 1808 1889 1884 assentiri
1928 1808 2308 1883 certissime
2355 1808 2496 1883 scio
2514 1866 2534 1896 ,
2586 1808 3010 1882 Historicam
3055 1808 3405 1906 religionis
3449 1809 3648 1883 Chri-

598 1928 859 2003 stianae
896 1927 1203 2003 indolem
1224 1986 1245 2016 ,
1296 1926 1385 2003 ab
1439 1928 1773 2004 hodierno
1820 1928 2031 2005 etiam
2077 1928 2430 2029 Theologo
2474 1929 2764 2003 minime
2801 1928 3257 2027 spernendam
3275 1986 3295 2017 ,
3333 1954 3374 2003 a
3399 1929 3654 2005 futuris

598 2046 960 2146 Euangelii
1007 2046 1347 2123 ministris
1386 2048 1627 2147 magni
1670 2073 1821 2123 esse
1864 2048 2275 2125 faciendam.
2377 2048 2534 2123 Hac
2578 2048 2796 2149 igitur
2839 2048 3282 2147 persuasione
3321 2072 3655 2148 generosa

596 2168 923 2243 iuvenum
949 2225 970 2255 ,
1020 2168 1145 2266 qui
1188 2192 1317 2243 nos
1367 2168 1707 2258 audiunt,
1756 2168 2157 2243 imbuamus
2205 2175 2520 2268 pectora,
2580 2175 2654 2243 et
2700 2167 2861 2243 licet
2911 2169 3308 2243 vulneratae
3362 2194 3440 2244 ac
3489 2168 3658 2243 dila-

598 2294 863 2363 ceratae
908 2286 1257 2363 Ecclesiae
1304 2288 1649 2365 medelam
1700 2288 1943 2363 afferre
1988 2296 2059 2363 et
2108 2297 2378 2364 nostras
2430 2298 2502 2363 et
2546 2313 2786 2363 omnes
2848 2288 3190 2363 humanas
3235 2289 3412 2363 vires
3459 2313 3660 2389 supe-

602 2418 744 2498 ret,
794 2406 871 2481 id
908 2414 1074 2482 ante
1116 2408 1351 2483 omnia
1396 2409 1749 2507 agendum
1795 2408 1998 2485 nobis
2042 2434 2448 2485 censeamus
2468 2467 2489 2498 ,
2538 2418 2618 2483 ut
2641 2432 3022 2507 germanos
3063 2409 3432 2509 Euangelii
3468 2434 3664 2509 prae-

602 2552 805 2604 cones
854 2527 1349 2618 informemus,
1401 2552 1569 2620 mu,
1622 2554 1921 2605 cnarsrr
1941 2590 1961 2620 ,
2013 2530 2322 2618 virtutis,
2376 2529 2680 2605 veritatis
2728 2528 3261 2603 amantissimos.

700 2648 1119 2749 Theologiae
1182 2649 1646 2726 Professorem
1698 2650 2033 2751 postridie
2084 2650 2510 2725 Litterarum
2572 2646 3190 2737 Neerlandicarum
3261 2672 3340 2721 ac
3406 2648 3670 2746 patriae

608 2769 961 2847 Historiae
1027 2769 1382 2845 Professor
1444 2770 1851 2871 designatus
1902 2770 2209 2871 excepit,
2282 2792 2735 2846 commmuns
2798 2791 3188 2842 suasanus
3238 2790 3460 2841 amm.
3479 2824 3498 2856 ‚
3547 2766 3676 2865 ,qui

610 2892 698 2967 de
769 2889 1156 2990 disciplinis
1176 2950 1197 2982 ‚
1270 2916 1445 2991 quas
1507 2890 1622 2967 hic
1690 2891 2071 2967 traditurus
2142 2896 2250 2965 est
2270 2950 2291 2979 ,
2367 2890 2549 2964 bene
2616 2888 2758 2963 iam
2810 2888 3134 2977 merituS,
3184 2886 3446 2987 optime
3489 2911 3676 2962 com-

614 3017 1147 3102 monstraverat,
1223 3037 1437 3112 quam
1498 3011 1794 3089 idoneus
1856 3020 2041 3089 esset
2098 3010 2467 3088 habendus
2490 3070 2511 3101 ,
2582 3017 2664 3084 ut
2729 3006 3041 3084 defuncti
3087 3031 3476 3082 vrsscnnsr
3521 3032 3678 3106 pro-

618 3131 911 3209 vinciam
978 3133 1379 3232 susciperet.
1484 3133 1688 3208 Hunc
1744 3132 2047 3233 denique
2120 3132 2540 3207 subsecutus
2615 3134 2724 3204 est
2784 3127 3268 3203 Astronomiae
3329 3127 3684 3202 Professor

624 3251 1243 3343 extraordinariuS,
1312 3275 1689 3329 nummus
1763 3276 1967 3328 nom<
1987 3312 2008 3342 ,
2076 3277 2116 3328 e
2178 3249 2608 3328 celeberrimi
2670 3271 2974 3322 nusum
3022 3247 3254 3323 schola
3296 3247 3684 3347 profectuS,

624 3372 876 3473 dignus
922 3379 1123 3448 tanto
1171 3373 1505 3472 magistro
1552 3373 1976 3473 discipulus,
2026 3372 2426 3448 cathedram
2471 3370 2544 3443 in
2599 3391 2938 3466 magnum
2983 3374 3300 3443 nostrum
3343 3367 3686 3466 gaudium

627 3516 1007 3591 occupans,
1074 3515 1287 3590 quam
1308 3550 1329 3581 ,
1401 3497 1561 3590 post
1630 3515 2093 3568 onnsMANsn
2163 3492 2235 3565 in
2304 3489 2582 3564 Indiam
2653 3483 3081 3561 orientalem
3153 3486 3640 3586 migrationem
3665 3543 3686 3574 ,

627 3635 863 3687 vacare
902 3609 1329 3687 dolebamus.
1398 3611 1683 3690 Quibus
1719 3618 1879 3714 post
1923 3611 2127 3687 ferias
2171 3615 2608 3686 accesserunt
2648 3607 2752 3680 vir
2791 3605 3344 3682 consultissimus
3377 3629 3688 3682 moesus

636 3755 995 3807 amoinus
1046 3755 1307 3822 raum,
1353 3733 1950 3833 Iurisprudentiae
1999 3732 2353 3808 Professor
2399 3751 2801 3827 mumque
2849 3749 3200 3801 successor
3242 3726 3650 3826 designatus
3671 3785 3692 3816 ,

630 3853 753 3952 qui
771 3912 792 3942 ,
855 3875 1077 3951 aeque
1140 3878 1221 3928 ac
1276 3853 1405 3927 viri
1468 3853 1677 3927 modo
1736 3852 2037 3940 laudati,
2112 3851 2466 3950 quondam
2532 3847 2949 3923 Leidensem
2994 3845 3450 3921 Academiam
3495 3871 3694 3920 orna-

630 3979 821 4047 verat
841 4029 863 4059 ,
914 3979 989 4045 et
1028 3971 1211 4046 inter
1252 3971 1557 4047 iuniores
1603 3972 1789 4046 Iuris
1826 3979 2061 4047 nostra
2100 3971 2173 4046 in
2212 3970 2438 4073 patria
2473 3968 2769 4044 cultores
2810 3965 3071 4040 iustam
3117 3965 3698 4041 existimationem

637 4091 770 4168 sibi
815 4091 1337 4182 conciliaverat3
1388 4099 1461 4166 et
1506 4092 1925 4168 clarissimus
1970 4113 2426 4168 rannnnrcus
2467 4110 2834 4162 suromns
2883 4108 3334 4161 curnmmuns
3371 4108 3697 4173 mansu,

634 4213 709 4288 in
760 4213 994 4287 locum
1054 4213 1273 4287 nostri
1320 4191 1685 4288 'Bascama
1739 4213 2199 4300 substitutus,
2266 4233 2392 4310 per
2437 4207 2694 4284 multos
2739 4230 2958 4282 annos
3003 4204 3348 4280 Athenaei
3398 4203 3699 4278 Illustris

638 4332 1312 4409 Amstelodamensis
1378 4341 1863 4410 ornamentum
1934 4358 2014 4408 ac
2080 4331 2331 4419 decus;
2407 4353 2586 4430 quae
2641 4326 2872 4402 schola
2892 4384 2912 4414 ,
2961 4324 3080 4400 illo
3133 4325 3271 4399 huc
3317 4323 3660 4422 migrante
3677 4377 3700 4409 ,

640 4462 907 4531 tantam
954 4453 1295 4529 iacturam
1348 4453 1512 4529 fecit
1529 4514 1550 4545 ,
1599 4461 1945 4553 quantum
1996 4472 2123 4526 nos
2168 4457 2618 4547 nostramque
2659 4443 3112 4522 Academiam
3146 4443 3416 4516 lucrum
3457 4439 3702 4516 fecisse

642 4573 982 4650 laetamur
1026 4575 1151 4667 14).
1195 4617 1301 4674 -7-
1342 4573 1647 4662 Salvete,
1692 4572 1845 4647 Viri
1890 4569 2292 4646 clarissimi!
2375 4593 2552 4668 quos
2621 4566 2710 4641 de
2781 4565 2910 4638 hoc
2975 4584 3252 4660 quoque
3327 4565 3702 4658 suggestu,

642 4695 1077 4770 Professores
1142 4692 1849 4768 Rheno-Traiectinos
1915 4690 2324 4790 compellare
2376 4696 2450 4763 et
2515 4686 2812 4762 salutare
2861 4679 3035 4755 mihi
3078 4702 3414 4778 perquam
3459 4679 3710 4754 iucun-

650 4813 817 4890 dum
864 4821 975 4889 est
1027 4811 1353 4891 officium.
1454 4813 1673 4890 Haud
1716 4812 1915 4888 facile
1964 4811 2041 4887 in
2090 4809 2510 4887 oblivionem
2550 4804 2755 4880 nobis
2801 4799 3024 4876 abibit
3060 4798 3208 4873 dies
3257 4797 3710 4874 duodecimus
