4730 6049
1052 643 1139 707 84
2126 638 2295 707 VAN
2341 636 2722 708 BONEVAL
2767 639 3036 706 FAURE

1150 848 1270 923 Ad
1314 871 1439 921 vos
1489 870 1601 921 me
1647 852 1967 922 converto
1987 903 2008 935 ,
2056 844 2207 919 Viri
2254 845 2668 947 amplissimi
2687 904 2710 936 ,
2757 845 3046 921 illustris
3092 845 3300 921 huius
3343 846 3763 922 Academiae
3807 848 4096 922 Curato·

1053 968 1203 1043 resl
1254 974 1337 1042 ut
1386 966 1642 1067 gratias
1692 964 1886 1041 vobis
1939 990 2142 1065 agam
2195 965 2284 1039 de
2337 966 2590 1041 eximio
2657 991 2798 1066 quo
2861 992 3004 1041 me‘
3046 965 3342 1066 dignum
3413 966 3780 1041 censuistis
3845 967 4101 1049 honore

1056 1113 1444 1187 quemque,
1493 1086 1797 1185 ingenue
1837 1083 2087 1174 fateor,
2149 1110 2379 1185 neque
2429 1094 2666 1188 optare
2721 1112 2947 1187 neque
2991 1111 3264 1187 sperare
3319 1111 3533 1162 ausus
3589 1111 3833 1162 essem.
3937 1090 4100 1167 Quo

1055 1208 1242 1283 enim
1300 1208 1449 1283 iure
1506 1205 1831 1306 equidem
1896 1206 2307 1304 speraverim
2328 1265 2349 1296 ,
2421 1207 2546 1307 qui
2611 1230 2736 1306 per
2795 1218 2934 1281 tres
3002 1215 3274 1282 tantum
3323 1232 3542 1283 annos
3596 1211 3668 1285 in
3724 1210 4102 1286 Academia

1055 1326 1503 1427 Groningana
1567 1324 1973 1429 gravissima
2037 1325 2323 1401 functus
2383 1327 2515 1401 sim
2579 1326 2998 1425 professione
3018 1385 3040 1416 ,
3103 1326 3198 1402 ad
3260 1328 3552 1404 maiores
3612 1331 3752 1404 iam
3809 1355 3928 1405 vos
3988 1353 4101 1404 me

1056 1452 1413 1521 vocaturos
1453 1468 1603 1519 esse
1647 1445 1990 1520 honores?
2066 1445 2318 1544 Neque
2356 1470 2482 1520 cur
2522 1454 2832 1546 optarem
2870 1470 3079 1521 causa
3118 1455 3285 1521 erat.
3387 1448 3472 1521 In
3515 1448 3762 1523 urbem
3804 1448 4101 1525 natalem

1053 1565 1291 1641 reduci
1342 1564 1630 1639 aderant
1680 1564 1851 1639 mihi
1900 1570 2257 1663 parentes,
2310 1564 2722 1665 propinqui,
2772 1565 2976 1641 amici
3030 1590 3241 1663 quam
3290 1566 3613 1665 plurimi;
3665 1568 3886 1667 ipsius
3926 1570 4101 1643 Aca-

1056 1685 1322 1760 demiae
1378 1684 1867 1783 Groninganae
1927 1683 2211 1759 alumno
2258 1684 2480 1759 almae
2533 1685 2738 1760 matri
2783 1686 3136 1783 quondam
3188 1695 3536 1784 acceptam
3593 1688 4101 1763 institutionem

1053 1806 1256 1905 quasi
1310 1805 1558 1879 referre
1605 1804 1801 1904 pium
1854 1810 1927 1878 et
1970 1803 2450 1879 dulcissimum
2497 1812 2644 1879 erat
2686 1805 2990 1880 officium
3009 1838 3028 1893 ;
3093 1804 3476 1879 iuventutis
3535 1807 3953 1883 Academiae
3994 1808 4100 1882 in·

1054 1924 1343 2025 genium
1396 1932 1470 1998 et
1525 1923 1757 1998 studia
1804 1924 2083 2023 cognita
2136 1924 2409 2013 omnia,
2459 1925 2874 2023 collegarum
2897 1983 2918 2013 ,
2969 1924 3322 2022 quondam
3371 1935 3922 2025 praeceptorum,
3981 1928 4099 2001 be-

1052 2043 1441 2118 nevolentia
1502 2051 1573 2116 et
1626 2041 2061 2140 indulgentia
2120 2069 2356 2118 recens
2417 2054 2776 2144 susceptae
2819 2044 3206 2143 provinciae
3257 2045 3666 2142 gravitatem
3721 2046 4100 2122 admodum

1057 2160 1534 2237 sublevabant.
1636 2162 1746 2234 En
1793 2160 2095 2260 plurima
2136 2163 2442 2262 profecto
2486 2171 2558 2237 et
2601 2164 3038 2263 gravissima,
3089 2188 3268 2261 quae
3310 2164 3518 2237 modo
3561 2166 3899 2263 acquisita
3940 2191 4100 2241 mox

1056 2282 1370 2357 amittere
1440 2306 1646 2381 aegre
1708 2281 1973 2356 ferebat
2034 2281 2312 2355 animus
2334 2338 2355 2368 ,
2424 2304 2741 2379 quaeque
2801 2280 2862 2354 si
2917 2280 3374 2355 haesitantem
3430 2282 3943 2379 quodammodo
3991 2308 4100 2359 me

1052 2400 1478 2491 reddiderint
1543 2400 2066 2500 gravioremque
2137 2400 2390 2473 iterum
2463 2399 2886 2498 provinciam
2961 2398 3452 2498 suspicientem
3520 2401 3846 2501 iniquum
3908 2403 4102 2478 vobis

1052 2544 1194 2595 non
1240 2518 1604 2595 videbitur.
1706 2520 1980 2599 Quodsi
2030 2544 2188 2594 vero
2237 2518 2512 2619 gaudeo
2562 2527 2716 2593 tum
2760 2519 3017 2594 honore
3075 2543 3286 2618 quem
3328 2518 3502 2593 mihi
3552 2520 3894 2597 tribuistis
3939 2546 4100 2597 cum

1053 2640 1195 2715 fide
1240 2664 1451 2739 quam
1493 2640 1565 2715 in
1605 2664 1719 2715 me
1760 2639 2020 2739 ponitis
2064 2640 2187 2738 qui
2230 2663 2490 2714 munus
2531 2638 2672 2714 iam
2713 2630 3124 2738 susceptum
3155 2638 3328 2712 mihi
3374 2638 3726 2715 obtulistis
3763 2682 3866 2697 —-
3901 2642 4096 2717 vehe-

1048 2768 1320 2837 menter
1365 2768 1599 2835 tamen
1646 2784 2081 2835 commoveor
2126 2758 2434 2834 muneris
2487 2758 2697 2833 simul
2759 2759 3106 2833 ambitum
3157 2766 3229 2832 et
3272 2758 3680 2857 gravitatem
3735 2784 4098 2859 meamque

1049 2882 1361 2981 cogitans
1422 2879 1899 2956 temeritatem.
1999 2878 2291 2954 Vestrae
2347 2903 2505 2954 vero
2568 2879 2962 2953 auctoritati
3023 2878 3282 2953 confiso
3347 2904 3606 2954 munus
3663 2880 4100 2980 suscipienti,

1054 3026 1284 3100 neque
1329 3008 1628 3075 vestram
1674 2998 2180 3099 indulgentiam
2228 3024 2308 3074 ac
2356 2998 2908 3076 benevolentiam
2954 2996 3130 3073 mihi
3174 2998 3570 3074 defuturam
3615 3024 3764 3076 esse
3813 3001 4047 3102 spero!

1150 3119 1365 3197 Quod
1415 3119 1616 3218 plura
1657 3143 1772 3194 me
1816 3118 2175 3217 reliquisse
2218 3118 2542 3193 dolebam
2563 3177 2583 3208 ,
2632 3143 2722 3198 ne
2765 3144 2882 3193 vos
2923 3143 3130 3218 aegre
3176 3119 3408 3194 feratis
3430 3177 3449 3208 ,
3503 3119 3656 3194 Viri
3701 3121 4098 3211 clarissimi,

958 3297 963 3301 .
1052 3237 1377 3338 Collegae
1425 3238 1963 3337 exoptatissimi!
2036 3262 2334 3337 quorum
2384 3238 2761 3313 amicitiam
2809 3246 2881 3312 et
2935 3238 3481 3314 benevolentiam
3530 3265 3612 3314 eo
3663 3239 3936 3317 enixius
3981 3265 4098 3315 ex-

1052 3364 1235 3458 peto,
1334 3357 1585 3433 Laetor
1636 3366 1873 3434 autem
1914 3383 2129 3458 quam
2178 3357 2481 3433 maxime
2502 3415 2523 3447 ,
2590 3358 2781 3457 quod
2830 3358 3064 3457 plures
3105 3357 3314 3433 etiam
3363 3366 3668 3434 vestrum
3713 3361 4098 3460 Groninga-

1054 3503 1187 3553 nae
1242 3484 1517 3554 nostrae
1568 3478 1983 3554 Academiae
2034 3478 2390 3554 devinctos
2439 3503 2590 3552 esse
2637 3478 2814 3554 sciol
2917 3479 3028 3552 In·
3058 3477 3188 3553 hac
3235 3478 3542 3554 muneris
3585 3478 3874 3554 feliciter
3921 3479 4100 3580 gesti

1054 3597 1612 3698 collegarumque
1659 3598 1946 3674 intimae
1989 3598 2331 3674 amicitiae
2383 3607 2580 3698 grata
2628 3605 2860 3672 mente
2916 3597 3367 3672 recordamini
3387 3655 3406 3686 ,
3458 3598 3562 3673 01.
3611 3623 3980 3675 ιυῑΝΒοΜ,
4027 3609 4100 3674 et

1056 3740 1153 3791 nn
1197 3741 1412 3792 vanis
1435 3775 1454 3806 ,
1522 3717 1637 3794 cui
1698 3741 1919 3816 quum
1988 3718 2255 3795 amicus
2308 3717 2482 3792 mihi
2528 3717 2738 3792 etiam
2789 3717 3392 3792 coniunctissimus
3437 3719 3644 3793 datus
3696 3721 3789 3794 sit
3831 3745 4094 3796 succes-

1056 3862 1200 3925 sor,
1250 3837 1520 3912 arctiori
1564 3836 1737 3912 adeo
1775 3837 2047 3912 vinculo
2085 3838 2237 3936 ipsa
2281 3836 2492 3912 etiam
2534 3835 2914 3912 Academia
2957 3835 3354 3912 devinctum
3393 3845 3616 3926 tenet;
3667 3840 3848 3939 grati
3887 3841 4096 3916 etiam

1055 3955 1244 4031 illius
1316 3956 1732 4030 Academiae
1795 3956 2249 4032 recordamini
2310 3955 2670 4056 discipuli,
2737 3955 2845 4030 01.
2893 3979 3220 4030 surenas
3277 3964 3348 4031 et
3397 3981 3766 4049 xantens,
3817 3971 3898 4034 tu
3941 3983 4096 4034 vero

1055 4076 1434 4176 imprimis„
1483 4075 1589 4152 Cl.
1644 4100 1740 4151 mr
1788 4099 1991 4165 wAL,
2058 4077 2172 4152 cui
2212 4077 2572 4177 Groninga
2618 4075 2832 4151 altera
2883 4077 3084 4174 quasi
3147 4075 3312 4150 urbs
3363 4078 3650 4166 natalis,
3719 4079 4098 4154 Academia

1054 4222 1213 4272 vero
1274 4195 1641 4296 nunquam
1691 4222 1847 4272 cara
1900 4221 2042 4271 non
2110 4221 2261 4272 esse
2322 4196 2630 4285 desinet,
2683 4219 2897 4294 quam
2948 4195 3048 4270 Cl.
3092 4196 3299 4270 Pater
3349 4221 3477 4270 suo
3529 4197 3630 4271 ita
3677 4199 3946 4273 ornavit
3989 4199 4094 4272 in·

1052 4317 1256 4418 genio
1318 4327 1529 4416 atque
1588 4317 1899 4391 doctrina
1956 4325 2039 4390 ut
2095 4315 2329 4391 nullus
2377 4338 2692 4414 unquam
2744 4313 2890 4390 dies
2935 4313 3086 4390 eius
3131 4314 3360 4390 delere
3405 4317 3624 4414 possit
3669 4318 4092 4394 memoriam.

1052 4437 1213 4512 Tibi
1275 4461 1431 4512 vero
1495 4460 1607 4511 me
1668 4436 1795 4511 hoc
1856 4435 2068 4510 etiam
2120 4433 2400 4509 nomine
2452 4433 2852 4508 devinctum
2901 4435 3159 4523 sentio,
3211 4435 3312 4508 vir
3363 4436 3815 4524 amicissime,
3867 4435 4092 4534 quod,

1051 4581 1474 4656 quamquam
1537 4555 1858 4655 aequales
1917 4555 1991 4628 in
2050 4553 2166 4629 illa
2226 4552 2671 4628 universitate
2733 4577 2872 4628 non
2927 4554 3224 4644 fuimus,
3274 4555 3522 4630 iisdem
3577 4565 3806 4631 tamen
3865 4565 4092 4631 aestu·

1046 4677 1451 4753 matissimis
1486 4673 2079 4776 praeceptoribus,
2129 4672 2291 4746 viris
2328 4671 2724 4747 clarissimis
2760 4695 3150 4762 mamma,
3201 4697 3568 4764 rmmrsn,
3613 4699 3799 4750 sua
3835 4697 4092 4751 nuum

1046 4803 1399 4895 acceptam
1450 4794 1811 4870 referimus
1859 4792 2275 4881 maximam,
2325 4816 2504 4891 quae
2555 4791 2759 4868 nobis
2805 4792 2947 4868 iam
2988 4793 3441 4892 contingunt,
3490 4805 3758 4893 partem
3807 4794 4092 4870 felicita-
