4730 6049
1028 626 1159 694 180
2221 623 2271 688 1.
2345 622 2397 687 Ι.
2469 622 2892 688 DOEDES

1028 828 1322 910 salutem
1390 831 1737 907 Ecclesiae
1786 824 2234 929 patriaeque!
2311 831 2414 904 At
2459 830 2632 929 quid
2678 854 2809 930 ego
2855 830 3316 928 plurimorum
3365 830 3646 905 nomine
3689 836 3802 921 te,
3853 831 3980 930 qui
4017 830 4112 907 in·

1028 944 1389 1030 literarum
1444 959 1515 1026 et
1562 952 1945 1051 theologiae
1998 952 2232 1024 studio
2274 960 2572 1025 aetatem
2621 950 3066 1026 consumsisti
3089 1008 3110 1038 ,
3163 948 3336 1049 quid
3381 960 3452 1025 te
3473 1010 3494 1040 ,
3544 952 3668 1049 qni
3713 952 4102 1027 insatiabili

1030 1073 1437 1151 eruditionis
1478 1081 1550 1147 et
1592 1072 1916 1147 scientiae
1962 1072 2305 1144 desiderio
2350 1097 2430 1146 ac
2479 1072 2714 1147 studio
2763 1071 3033 1146 duceris
3052 1130 3073 1158 ,
3121 1070 3262 1145 iam
3305 1070 3656 1146 adhortari
3699 1072 3973 1160 videar,
4015 1079 4112 1147 ut:

1026 1220 1115 1269 ne
1181 1217 1441 1269 vacuus
1503 1193 1651 1265 sis?
1740 1192 1948 1265 Curis
2014 1190 2514 1289 laboribusque
2535 1250 2555 1280 ,
2627 1192 2752 1290 qui
2821 1188 3208 1266 molestiam
3285 1199 3560 1279 creant,
3631 1215 3922 1267 vacuam
3959 1191 4096 1265 tibi

1025 1315 1241 1390 vitam
1302 1312 1639 1388 concedat
1707 1312 1903 1385 Deus
1924 1370 1943 1400 ,
2012 1313 2295 1410 longam
2360 1312 2550 1385 illam
2623 1320 2696 1386 et
2765 1334 3160 1411 prosperam
3177 1342 3198 1398 ;
3271 1320 3339 1385 te
3385 1310 3690 1410 corporis
3735 1311 4112 1410 animique-

1024 1434 1296 1531 integra
1342 1431 1737 1506 valetudine
1786 1430 1891 1521 uti
1926 1430 2147 1517 sinat,
2200 1452 2693 1528 summumque
2738 1430 3118 1531 gaudium,
3171 1452 3312 1528 quo
3361 1428 4094 1529 cnarsrr'discipulus

1022 1554 1133 1628 his
1195 1554 1269 1626 in
1332 1552 1531 1627 terris
1592 1550 1923 1649 compleri
1982 1549 2243 1649 possit,
2312 1550 2616 1648 benigne
2661 1549 2794 1623 tibi
2843 1550 3196 1650 largiatur.
3299 1548 3436 1624 Pro
3479 1550 3920 1625 humanitate
3973 1557 4096 1625 tua

1022 1682 1106 1749 tu
1169 1673 1543 1772 prudentia
1614 1680 1685 1745 et
1750 1669 2099 1743 doctrinae
2162 1670 2359 1767 copia
2429 1678 2552 1744 tua
2611 1692 2724 1743 me
2780 1668 3102 1757 adiuves,
3167 1678 3386 1768 atque
3426 1669 3526 1745 ita
3577 1671 3750 1745 mihi
3795 1679 3877 1745 ut
3925 1671 4114 1747 olim·

1024 1795 1351 1894 prodesse
1398 1816 1683 1891 pergaS,
1734 1814 2012 1888 quaeso,
2115 1790 2311 1863 Num
2359 1790 2536 1863 forte
2581 1788 2752 1877 tibi,
2803 1789 3202 1871 Clarissima
3251 1812 3520 1878 vmn,
3571 1790 3700 1889 qui
3745 1798 4094 1891 promotor

1031 1914 1383 2012 quondam
1430 1912 1606 1985 mihi
1648 1910 1973 1998 adfuisti,
2023 1916 2094 1983 et
2144 1934 2530 2008 numquam
2577 1933 2718 1983 non
2773 1908 2946 1983 mihi
2991 1910 3441 2008 prospexisti,
3491 1934 3663 1985 num
3705 1911 3885 1985 forte
3929 1920 4090 1987 tuae

1024 2033 1543 2107 benevolentiae
1614 2056 1727 2105 me
1798 2030 2279 2105 commendem
2302 2032 2337 2103 Ρ
2430 2030 2688 2104 Utrum
2759 2053 3084 2128 magnam
3141 2054 3256 2105 me
3306 2030 3437 2105 tibi
3489 2030 3789 2129 gratiam
3839 2030 4092 2105 habere

1027 2152 1257 2227 dicam
1319 2152 1623 2225 incertus
1690 2176 1845 2226 sum
1872 2209 1891 2237 ‚
1962 2174 2053 2223 an
2122 2150 2357 2248 potius
2422 2158 2730 2249 repetam
2773 2159 3022 2223 notum
3065 2148 3281 2225 illud:
3349 2149 3540 2226 uiam
3593 2176 3734 2226 non
3783 2176 3920 2249 ago
3963 2151 4094 2225 tibi

1026 2274 1327 2373 gratias;
1378 2272 1492 2347 cui
1540 2272 1729 2345 enim
1774 2296 1849 2344 re
1902 2270 2015 2344 vix
2071 2270 2321 2345 referre
2371 2294 2656 2369 possum
2677 2328 2698 2358 ,
2748 2270 2912 2344 huic
2963 2268 3190 2344 verbis
3236 2294 3377 2345 non
3421 2271 3688 2370 patitur
3729 2296 3840 2345 res
3893 2272 4089 2346 satis·

1022 2393 1247 2467 fieri.’'
1313 2392 1411 2465 Te
1450 2392 1805 2491 integrum
1844 2389 1967 2464 diu
2008 2390 2418 2488 salvumque
2466 2400 2689 2464 servet
2727 2390 2936 2464 Pater
2969 2389 3258 2464 Domini
3293 2391 3512 2465 nostri
3543 2416 3712 2467 nisu
3751 2414 4088 2481 cnnls‘m3

1022 2520 1097 2587 te
1162 2512 1537 2586 domestica
1612 2510 1807 2585 clade
1874 2509 2209 2584 afflictum
2278 2509 2538 2583 excitet
2591 2518 2804 2608 atque
2865 2516 3248 2599 sustentet3
3313 2518 3387 2585 te
3447 2510 3540 2587 ad
3601 2536 3862 2587 munus
3911 2511 4112 2588 bono·

1021 2633 1255 2707 animo
1310 2631 1787 2731 peragendum
1853 2631 2235 2706 confirmet.
2341 2630 2528 2703 Mihi
2590 2629 2818 2705 favere
2881 2653 3182 2729 pergas,
3239 2631 3434 2729 quod
3477 2639 3551 2706 et
3593 2630 3722 2707 abs
3769 2639 3841 2706 te
3889 2639 4088 2732 peto,

1020 2752 1419 2827 clarissime
1462 2746 1609 2825 rna
1660 2774 1912 2839 naAa,
1963 2752 2221 2825 Rector
2266 2751 2673 2849 magnifice!
2729 2774 2938 2850 quem
2993 2748 3332 2825 benevole
3379 2750 3470 2825 de
3517 2776 3630 2827 ms
3679 2752 4090 2828 sentientem

1020 2872 1161 2947 iam
1224 2866 1537 2970 cognovi.
1640 2870 1788 2949 Qui
1858 2870 2131 2969 scriptis
2200 2870 2345 2944 tuis
2411 2870 2610 2945 valde
2681 2869 3020 2958 delector,
3091 2868 3224 2944 tibi
3292 2870 3494 2969 plura
3555 2872 3810 2949 debere
3859 2873 4087 2973 cupio.

1020 2992 1390 3083 Amicitia,
1444 2991 1713 3080 studio,
1780 3014 2019 3066 amore
2068 2988 2217 3066 Dei
2252 2991 2546 3090 eiusque
2593 2990 2758 3065 Filii
2803 3012 2972 3066 nisu
3008 3012 3309 3066 cuman
3345 2992 3770 3084 coniunctis,
3821 2994 4092 3071 utinam

1022 3113 1154 3187 hoc
1203 3112 1405 3187 nobis
1448 3109 1900 3201 concedatur,
1954 3109 2337 3185 Clarissimi
2379 3135 2612 3186 vmxn
2661 3118 2734 3186 et
2779 3133 2922 3185 'rna
2969 3135 3178 3186 nam
3197 3169 3218 3200 ‚
3268 3120 3352 3186 ut
3389 3113 3736 3189 Ecclesiae
3777 3114 4096 3190 doctores

1022 3239 1096 3307 et
1162 3241 1472 3331 pastores
1532 3231 1987 3306 informemus
2046 3255 2261 3330 quam
2334 3232 2672 3331 plurimos
2690 3290 2710 3321 ,
2781 3232 2904 3331 qui
2973 3232 3184 3307 huius
3248 3233 3670 3310 Academiae
3733 3235 3953 3310 honos
4021 3243 4096 3311 et

1020 3352 1173 3428 laus
1192 3412 1212 3441 ‚
1281 3350 1627 3427 Ecclesiae
1689 3353 1901 3427 decus
1962 3358 2035 3426 et
2093 3349 2313 3452 gloria
2369 3351 2510 3428 dici
2564 3361 2978 3428 mereantur.
3081 3352 3304 3428 Vobis
3321 3411 3342 3443 ,
3393 3355 3696 3455 collegae
3741 3363 4098 3431 aestuma-

1004 3473 1318 3569 tissimi,
1369 3467 1601 3571 quoad
1642 3472 1793 3546 eius
1833 3473 1982 3546 fieri
2028 3472 2324 3570 poterit,
2377 3472 2766 3548 satisfacere
2813 3473 2982 3548 mihi
3025 3475 3312 3550 omnino
3347 3475 3420 3548 in
3459 3475 3638 3550 votis
3679 3483 3828 3565 est,
3876 3483 4098 3575 atque

1022 3594 1097 3668 in
1164 3594 1295 3682 iis,
1358 3618 1539 3691 quae
1588 3593 1942 3668 studiosae
1987 3593 2337 3666 iuventuti
2389 3593 2716 3692 prodesse
2759 3593 3104 3669 censenda
3147 3603 3350 3686 sunt,
3397 3595 3680 3671 assidue
3729 3593 4092 3672 vobiscum

1024 3712 1425 3788 elaborandi
1474 3737 1731 3812 magno
1779 3709 2122 3786 desiderio
2171 3721 2430 3788 teneor.

1119 3833 1481 3921 Audistis,
1560 3832 2135 3931 praestantissimi
2212 3833 2539 3924 iuvenes,
2619 3857 2796 3932 quos
2874 3834 3294 3910 Academiae
3377 3835 3626 3911 Rheno
3631 3836 4092 3912 -Traiectinae

1027 3951 1450 4027 desiderium
1512 3962 1724 4051 atque
1786 3959 2266 4026 ornamentum
2339 3953 2492 4026 iure
2569 3951 2850 4042 dicunt,
2927 3979 3068 4052 quo
3133 3955 3227 4030 ad
3294 3980 3414 4030 vos
3480 3957 3751 4031 veniam
3809 3957 4092 4047 enimc,

1030 4097 1175 4171 qua
1215 4073 1397 4146 inter
1440 4097 1565 4146 vos
1616 4073 1869 4166 versari
1914 4073 2187 4172 cupiam
2236 4082 2492 4150 mente.
2590 4073 2824 4148 Factis
2869 4074 3354 4171 comprobare,
3406 4099 3620 4175 quam
3667 4099 3855 4172 nunc
3903 4076 4092 4154 mul·

1024 4187 1120 4268 tis'
1174 4193 1401 4267 verbis
1458 4189 1653 4266 vobis
1718 4191 2103 4292 significare
2154 4193 2337 4267 malo
2358 4251 2382 4281 ,
2441 4217 2556 4268 me
2611 4217 2998 4292 numquam
3055 4219 3196 4269 non
3247 4203 3568 4292 paratum
3616 4195 3936 4270 futurum
3993 4196 4094 4272 ad

1026 4307 1329 4388 vestrum
1377 4313 1817 4388 commodum
1871 4313 2443 4413 promovendum.
2541 4315 2666 4389 Me
2707 4315 2780 4388 in
2827 4315 3041 4389 fidem
3089 4323 3386 4390 vestram
3435 4315 3782 4415 recipiatis
3800 4373 3822 4404 ,
3869 4323 4092 4414 atque
4111 4337 4136 4351 ·

1023 4431 1209 4508 bona
1251 4435 1475 4535 gratia
1512 4443 1738 4508 vestra
1780 4457 1895 4506 me
1940 4434 2307 4509 honoretis.
2413 4433 2556 4508 Vos
2603 4433 2678 4506 in
2731 4433 2976 4532 primis
2993 4493 3014 4523 ,
3063 4435 3189 4533 qui
3231 4435 3620 4535 theologiae
3661 4457 3915 4511 nomen
3961 4436 4090 4510 de-

1026 4553 1227 4628 distis
1251 4613 1270 4642 ,
1338 4554 1585 4627 ducem
1652 4577 1767 4627 me
1830 4560 2043 4668 atque
2095 4553 2403 4626 amicum
2457 4551 2817 4642 habetote,
2871 4577 3012 4652 quo
3061 4577 3339 4628 suasore
3395 4553 3691 4629 fidenter
3741 4553 4092 4644 utamini,

1026 4675 1377 4772 quemque
1419 4672 1604 4747 bona
1644 4671 2153 4746 existimatione
2202 4673 2740 4771 prosequamini.
2843 4674 3046 4751 Qua'e
3093 4681 3356 4748 vestrae
3402 4674 3612 4749 aetati
3659 4682 3870 4772 atque
3919 4697 4094 4750 con-

1026 4793 1277 4871 ditioni
1339 4793 1798 4882 conveniunt,
1868 4795 2007 4868 non
2079 4817 2361 4892 prorsus
2428 4793 2670 4892 ignota
2731 4793 2908 4868 mihi
2967 4800 3154 4869 sunt.
3253 4795 3520 4893 Magna
3579 4802 3927 4895 spectare,
3993 4797 4092 4872 ad
