4730 6049
1091 642 1219 708 146
2206 644 2341 711 -Β,
2413 646 2616 711 TER
2684 644 2979 711 HAAR

1094 848 1171 911 sit
1224 854 1475 911 nostrum
1527 850 1824 923 iudicium,
1881 859 2012 913 sunt
2062 850 2438 914 diiudicanda.
2541 854 2732 915 eVoor
2769 852 2914 915 ons”
2957 855 3038 915 ita
3075 851 3298 935 scripsit
3339 852 3428 914 cl.
3469 870 3818 929 oaoolun,
3864 855 3966 916 eis
4003 855 4065 917 J.
4085 856 4156 920 G.

1088 953 1225 1014 toch
1278 952 1397 1015 niet
1450 972 1602 1014 meer
1656 953 1725 1015 de
1766 953 2227 1027 wonderdoener,
2285 974 2443 1014 maar
2493 957 2594 1015 wel
2643 954 2716 1015 de
2758 957 3037 1017 verheven
3081 954 3470 1031 Godegemt,
3510 953 3678 1016 πίω
3715 954 3978 1017 woorden
4017 976 4158 1020 voe:

1088 1076 1195 1116 ons
1249 1056 1349 1117 het
1396 1055 1675 1133 rigtsnoer
1728 1056 1826 1117 des
1878 1058 2070 1119 levens
2125 1056 2316 1137 zijn,”
2367 1075 2507 1136 quae
2549 1058 2718 1118 verba
2758 1058 2928 1119 etiam
2965 1078 3064 1118 sua
3103 1056 3238 1117 iecit
3275 1056 3430 1118 doct.
3467 1073 3718 1119 mnson
3754 1058 3815 1119 in
3855 1057 4002 1140 disp.
4040 1060 4158 1123 hu·

1086 1156 1247 1219 data:
1302 1178 1398 1219 een
1448 1161 1844 1233 meta-d,
1892 1180 1951 1241 p.
1992 1163 2132 1222 ⁴299.
2214 1161 2297 1219 At
2330 1158 2564 1219 minime
2596 1158 2728 1219 inde
2769 1159 3016 1239 sequitur
3053 1156 3368 1219 indifferens
3409 1178 3562 1231 esse,
3601 1164 3790 1220 utrum
3829 1174 4002 1221 inus
4037 1163 4156 1223 veri

1089 1262 1337 1322 nominis
1390 1262 1656 1324 miracula
1706 1262 1944 1325 ediderit
1994 1282 2101 1324 nec
2152 1282 2243 1322 ne.
2325 1260 2483 1322 Quid
2522 1261 2714 1323 enim?
2773 1263 2837 1321 Si
2876 1266 3104 1335 cuncta,
3145 1280 3288 1341 quae
3327 1260 3398 1321 de
3437 1278 3576 1322 xm
3617 1262 3782 1323 iactis
3823 1268 4154 1339 narrantur,

1066 1348 1199 1427 'sive
1254 1367 1403 1426 mala
1452 1366 1569 1426 sire
1622 1366 1714 1447 pia
1768 1366 1993 1437 fraude,
2046 1366 2283 1426 conficta
2340 1370 2502 1437 sunt,
2557 1364 2681 1443 quis
2727 1366 2779 1424 1.
2819 1365 3016 1437 fuerit,
3057 1362 3192 1445 quid
3233 1364 3440 1441 egerit,
3495 1367 3556 1424 et
3594 1384 3696 1445 pro
3735 1384 3946 1443 magna
3983 1364 4159 1429 efim

1082 1474 1249 1550 parte
1305 1468 1439 1549 qnid
1492 1468 1775 1541 docuerit,
1830 1490 1899 1529 ea
1949 1488 2137 1527 nonne
2193 1465 2421 1527 nescio?
2503 1466 2566 1525 si
2617 1467 2669 1529 Ι.
2722 1486 2946 1540 revera,
3003 1466 3155 1546 quod
3212 1467 3394 1529 adhuc
3445 1467 3698 1549 plurimis
3751 1472 3968 1551 placet,
4023 1470 4159 1533 talia

1086 1570 1263 1633 edidit
1322 1570 1603 1643 facinora,
1658 1591 1801 1650 quae
1852 1570 1927 1631 ab
1984 1570 2303 1650 aequalibus
2355 1589 2458 1650 pro
2515 1569 2795 1631 miraculis
2847 1570 3224 1643 habebantur,
3281 1590 3386 1632 nec
3423 1576 3614 1632 tamen
3653 1578 3847 1645 erunt,
3899 1570 4157 1652 quaestio

1082 1674 1259 1736 oritur
1311 1678 1497 1734 utrum
1552 1673 1691 1733 falso
1748 1673 2013 1734 miracula
2068 1670 2480 1753 praetenderit?
2533 1691 2638 1733 nec
2695 1673 2932 1733 multum
2989 1671 3324 1733 discriminis
3368 1673 3426 1734 1.
3471 1673 3622 1733 inter
3667 1678 3728 1735 et
3765 1690 4156 1737 Amnum

1080 1777 1477 1855 Thyanensem
1518 1774 1861 1837 intercedere
1902 1774 2084 1836 video.
2167 1776 2363 1835 Talem
2405 1778 2888 1850 Θιυμιτοῦργον,
2931 1776 3148 1836 etiamsi
3189 1775 3307 1836 eins
3339 1775 3634 1851 miracula,
3675 1776 3818 1837 falso
3851 1777 3934 1839 ita
3965 1778 4150 1853 diota,

1074 1881 1245 1956 longe
1304 1878 1711 1939 excellentioris
1770 1878 1885 1939 sint
1932 1874 2137 1939 indolis
2189 1876 2289 1956 (cf.
2330 1878 2418 1937 cl.
2463 1894 2685 1949 nm,
2727 1879 2767 1937 1.
2805 1898 2855 1938 c.
2889 1898 2944 1959 p.
2986 1877 3130 1960 363)
3171 1898 3272 1959 pro
3317 1878 3530 1957 Legae>
3569 1900 3702 1941 vere
3737 1880 3958 1955 divino,
4001 1880 4154 1943 cni'n

1072 1984 1245 2044 verba
1300 1983 1503 2060 agendi
1559 1983 1703 2043 mihi
1761 2003 1825 2044 ac
1879 1982 2107 2044 vivendi
2156 2000 2355 2041 norma
2411 1980 2558 2052 sint,
2611 2000 2912 2059 agnoscere
2961 2002 3078 2042 non
3132 2000 3353 2063 possum
3371 2026 3388 2055 ,
3441 1982 3549 2043 nisi
3603 1980 3754 2044 idern
3807 1983 3908 2046 ine
3959 1986 4150 2047 titulus

1069 2085 1421 2162 Pythagorae
1437 2130 1453 2154 ‚
1496 2084 1748 2157 Platoni,
1792 2084 2071 2145 Zoroastri
2110 2082 2283 2143 tribui
2322 2081 2519 2162 possit.

1054 2210 1063 2217 ·
1152 2191 1258 2263 25)
1298 2190 1479 2247 faeta
1516 2209 1553 2247 a
1593 2188 1909 2261 miraculis,
1964 2186 2265 2248 &ebrinum
2320 2188 2392 2244 ab
2427 2184 2548 2243 ciue
2565 2184 2730 2258 satis
2761 2184 3119 2245 dismendn‘.
3205 2185 3368 2249 aDat
3408 2185 3480 2247 de
3519 2186 3682 2249 Heer
3713 2204 3893 2249 anns
3930 2186 4146 2250 wendo-
4223 2264 4229 2271 .

1063 2309 1163 2351 ren
1211 2290 1426 2368 geduan
1479 2290 1635 2351 heeft
1648 2335 1664 2363 ,
1718 2288 1949 2352 blinden
2003 2288 2197 2350 aiendo
2214 2334 2231 2362 ,
2286 2287 2662 2347 melsatschen
2723 2288 2844 2347 rein
2886 2288 3176 2364 gemsakt‚
3233 2288 3368 2349 zeus
3407 2287 3627 2351 dooden
3667 2292 3958 2372 opgewekt
3994 2290 4106 2352 lind
4123 2338 4140 2367 ,

1062 2412 1168 2454 was
1220 2392 1290 2453 de
1340 2394 1552 2455 inhoud
1610 2393 1709 2453 der
1762 2393 2240 2475 oorspronkelijke
2291 2386 3009 2469 Evangelieveriiondiging
3031 2438 3046 2465 ,
3104 2396 3222 2452 met
3262 2392 3360 2454 het
3400 2397 3600 2470 groote
3637 2392 3862 2455 wonder
3897 2414 4005 2456 aen
4045 2395 4146 2457 het

1057 2495 1260 2569 hoofd,
1318 2496 1417 2557 dat
1469 2496 1551 2575 hij
1609 2497 1725 2558 zelf
1767 2496 2149 2575 ligchamelijk
2204 2512 2464 2555 verrezen
2516 2512 2623 2553 was
2665 2492 2749 2554 uit
2787 2491 2858 2553 de
2899 2491 3138 2555 dooden.
3224 2494 3347 2555 Met
3385 2494 3478 2556 die
3519 2500 3720 2574 groote
3757 2494 3934 2557 seiten
3977 2496 4143 2559 stond

1058 2598 1119 2658 in
1172 2598 1273 2659 het
1325 2604 1601 2660 naauwste
1641 2600 1885 2661 verband
1924 2598 1995 2659 de
2034 2595 2404 2676 heerlijkheid
2451 2616 2556 2657 van
2599 2596 2706 2656 den
2750 2596 2907 2656 Heer
2945 2616 3016 2656 en
3057 2597 3192 2657 hare
3233 2597 3598 2679 openbaring.
3681 2598 4012 2679 Bepmeven
4051 2598 4136 2677 vij

1058 2701 1161 2763 het
1210 2700 1342 2763 dese
1368 2703 1568 2763 “seiten
1609 2721 1725 2765 van
1766 2702 1875 2765 den
1914 2722 2148 2784 persoon
2188 2701 2287 2762 des
2327 2702 2644 2761 Verlossers
2686 2700 2750 2759 af
2779 2706 2840 2761 te
2881 2698 3142 2760 scheiden
3157 2744 3174 2773 ,
3233 2698 3361 2783 dan·
3383 2700 3582 2762 breekt
3623 2720 3694 2761 en
3731 2700 3996 2763 hmkkelt
4033 2696 4140 2762 ons

1052 2805 1189 2865 alles
1240 2805 1417 2866 onder
1456 2806 1527 2867 de
1566 2805 1715 2867 hand
1762 2806 1837 2867 af.
1922 2805 2009 2865 Of
2038 2806 2087 2865 is
2126 2806 2227 2865 het
2262 2804 2536 2882 mogelijk
2579 2802 2650 2863 de
2683 2804 2800 2863 leer
2841 2822 2946 2864 van
2987 2819 3164 2863 anus
3205 2822 3312 2863 van
3353 2803 3500 2881 ziine
3543 2802 3724 2863 daden
3763 2804 3832 2863 af
3861 2808 3924 2864 te
3961 2802 4140 2865 schei-

1058 2906 1211 2969 den?
1306 2909 1542 2969 Veeleer
1596 2908 1710 2986 ziju
1761 2907 1832 2967 de
1872 2912 2117 2968 meesten
2158 2908 2333 2984 zijner
2371 2906 2726 2986 gesprekken
2770 2924 2878 2965 aen
2916 2905 2986 2965 de
3026 2903 3166 2967 door
3204 2905 3338 2966 hcm
3375 2904 3656 2967 verrichte
3695 2904 4140 2967 wonderverken

1061 3009 1493 3090 vastgeknoopt.
1587 3010 1715 3088 zijn
1770 3008 1903 3071 deze
1955 3010 2197 3082 onecht,
2252 3008 2363 3069 dan
2415 3008 2528 3086 ziJ'n
2583 3008 2684 3068 het
2723 3008 2834 3068 ook
2875 3007 3022 3087 zijne
3062 3006 3406 3090 gesprekken
3423 3053 3442 3082 ,
3495 3029 3570 3070 en
3607 3012 3726 3070 met
3765 3008 3838 3070 de
3875 3006 4140 3070 echtlseid

1059 3132 1172 3173 van
1212 3112 1347 3173 deze
1388 3113 1503 3172 vult
1544 3113 1613 3172 de
1652 3111 1899 3190 gansche
1938 3129 2486 3192 mammos-piemon
2529 3129 2680 3188 weg;
2732 3130 2834 3172 zoo
2875 3113 2958 3171 als
2997 3111 3082 3189 vij
3118 3111 3218 3172 het
3247 3113 3307 3171 in
3341 3112 3442 3174 het
3471 3111 3998 3193 oplooeings·proces
4021 3132 4139 3174 nn

1056 3231 1313 3276 stannes
1370 3235 1529 3277 maar
1580 3217 1637 3276 al
1690 3221 1749 3276 te
1798 3213 2066 3294 dnidelijk
2081 3256 2098 3287 ,
2153 3216 2234 3274 als
2288 3234 2393 3274 een
2435 3214 2868 3276 wasrschuwend
2909 3214 3139 3286 tecken,
3199 3213 3421 3276 hebben
3463 3213 3720 3292 genien?
3764 3247 3844 3260 -·
3883 3215 4138 3278 niem·

1050 3335 1237 3391 mon,
1286 3321 1341 3379 1.
1385 3339 1434 3379 e.
1476 3341 1531 3400 p.
1575 3323 1671 3380 35.
1732 3317 1997 3380 Eiusdem
2038 3319 2201 3398 plene
2242 3317 2552 3378 sententiae
2593 3323 2725 3377 sunt
2767 3315 2852 3377 01.
2893 3332 3114 3389 vmn,
3160 3321 3216 3378 1.
3258 3337 3308 3378 c.
3349 3339 3406 3398 p.
3451 3321 3595 3391 289,
3638 3335 3876 3396 rogans:
3921 3317 4131 3379 eHoeP

1046 3419 1239 3480 indien
1296 3419 1367 3481 de
1419 3420 2026 3500 EvangelieschriJ'vers
2080 3417 2512 3498 geloofwaardig
2566 3419 2678 3497 zijn
2731 3419 2790 3478 in
2846 3417 2918 3480 de
2971 3419 3356 3497 mededeeling
3398 3439 3504 3481 van
3545 3437 3720 3482 mus
3761 3419 4022 3482 woorden
4061 3437 4132 3481 en

1050 3521 1296 3600 heiligen
1354 3523 1596 3597 wandel,
1654 3545 1889 3584 waarom
1941 3523 2056 3601 zijti
2110 3524 2185 3600 zij
2241 3524 2340 3583 het
2395 3523 2506 3582 dan
2545 3521 2658 3582 ook
2699 3521 2817 3581 niet
2855 3521 2918 3580 in
2958 3520 3060 3581 het
3099 3521 3324 3583 verhaal
3361 3541 3472 3584 van
3511 3521 3659 3600 zijne
3699 3521 3924 3582 deden?
4001 3521 4130 3600 ziJa

1045 3623 1119 3701 zij
1176 3624 1276 3685 het
1328 3626 1447 3686 niet
1500 3625 1561 3686 in
1620 3627 1719 3687 het
1774 3629 2001 3699 laatste,
2058 3627 2157 3686 wie
2212 3627 2299 3686 zal
2352 3645 2458 3686 ons
2511 3613 2622 3685 dim
2678 3624 3005 3685 verzekeren
3060 3623 3158 3684 dat
3206 3625 3274 3702 aij
3318 3626 3420 3686 het
3457 3625 3574 3704 zijn
3613 3624 3674 3686 in
3713 3625 3818 3686 het
3856 3621 4126 3686 θεῶν’

1047 3726 1221 3787 Dect.
1276 3747 1331 3787 c.
1385 3747 1440 3789 ι».
1498 3747 1808 3790 norsum
1862 3745 1943 3788 nn
1996 3745 2193 3789 onoo'r
2210 3772 2225 3800 ,
2276 3727 2766 3804 qeeekt‘edleundi90
2817 3727 3034 3786 vaurde
3069 3725 3168 3786 der
3209 3726 3586 3803 Evonqelicm
3651 3747 3760 3787 nec
3813 3744 3928 3787 non
3979 3725 4128 3787 Ven-

1051 3845 1395 3890 cnamnpns
1447 3849 1531 3892 nn
1582 3849 1661 3892 ns
1714 3847 2037 3903 causans,
2100 3831 2268 3891 aeEen
2318 3832 2510 3892 voord
2557 3849 2664 3890 van
2717 3829 3041 3904 toeliehcinq
3093 3829 3242 3890 etc.”
3297 3849 3356 3909 p.
3415 3834 3490 3890 49
3556 3834 3614 3891 et
3671 3835 3784 3903 ⁵0,
3845 3827 4124 3890 scribens:

1050 3931 1165 3990 111:
1221 3932 1411 4017 geloni
1464 3933 1583 3992 niet
1636 3941 1695 3993 te
1750 3935 1871 3996 veel
1928 3937 1985 3994 te
2024 3952 2231 4012 zeggen
2247 3979 2264 4006 ‚
2324 3953 2394 3994 en
2435 3953 2510 4014 op
2551 3933 2913 4010 instemming
2953 3937 3010 3992 te
3043 3951 3250 4008 mogen
3293 3931 3536 3992 rekenen
3576 3931 3712 3992 selis
3751 3931 3836 4010 bij
3875 3931 4126 4009 degeneri

1046 4031 1137 4093 die
1178 4032 1241 4092 ik
1278 4032 1544 4111 bestrijd,
1605 4034 1795 4094 indien
1836 4035 1899 4094 ik
1936 4036 2149 4096 beweer
2167 4081 2184 4108 ,
2227 4035 2324 4096 dat
2361 4036 2448 4113 νῇ
2471 4082 2486 4109 ,
2530 4034 2736 4096 zonder
2773 4033 2844 4094 de
2885 4033 3205 4106 wonderen,
3239 4033 3358 4094 den
3399 4049 3689 4096 omm'rus
3729 4032 3831 4094 der
3867 4033 4126 4110 Evange-

1042 4137 1157 4196 lien
1174 4179 1190 4207 ,
1232 4134 1341 4196 den
1384 4135 1755 4198 historischen
1794 4155 1967 4198 anus
2009 4125 2115 4199 van
2156 4133 2446 4200 Nazareth
2480 4137 2829 4215 ganschelijk
2871 4136 3170 4210 vei-liezca,
3229 4155 3300 4197 en
3341 4137 3440 4198 dat
3477 4135 3564 4215 wij
3609 4138 3817 4198 slechts
3855 4135 4126 4198 overhon·

1045 4238 1154 4299 den
1208 4238 1403 4317 eenige
1462 4237 1655 4299 buiten
1706 4241 1851 4299 allen
1892 4239 2264 4301 historischen
2302 4241 2656 4318 zamenhang
2696 4241 2929 4317 gerukte
2946 4286 2962 4312 ,
3019 4242 3336 4317 algemeene
3377 4239 3816 4318 Godsdienstige
3852 4239 4124 4321 spreuken

1044 4343 1115 4403 of
1126 4341 1539 4420 ·vermaningen
1555 4387 1571 4415 ,
1620 4341 1713 4401 die
1752 4361 1855 4402 ons
1893 4343 2169 4419 geenerlei
2209 4343 2507 4424 persoonlij
2515 4341 2684 4403 kheid
2727 4341 3302 4422 vertegenwoordigen
3317 4389 3333 4415 ,
3375 4342 3654 4420 geenerlei
3693 4335 3956 4404 bonereet
3988 4341 4124 4402 His.

1040 4443 1251 4505 torisch
1304 4445 1465 4506 beeld
1522 4445 1606 4524 bij
1644 4463 1748 4505 ons
1787 4444 1979 4506 achter
2016 4445 2229 4506 laten.”
2270 4477 2354 4490 —
2393 4445 2490 4505 Illi
2529 4451 2712 4506 autem
2755 4444 3032 4522 Theologi
3049 4489 3064 4517 ‚
3125 4446 3222 4525 qui
3261 4445 3530 4506 miracula
3567 4445 3732 4526 plane
3771 4441 4084 4506 reiicientoe
4099 4487 4118 4518 ,

1037 4547 1130 4607 vel
1182 4547 1261 4608 sic
1316 4568 1375 4607 se
1422 4549 1555 4609 satis
1607 4553 1729 4609 tuto
1786 4569 1851 4608 ac
1906 4550 2067 4609 firmo
2118 4546 2482 4609 fundamento
2535 4547 2824 4609 Histoi-ico
2877 4547 2983 4608 niti
3021 4547 3328 4625 gloriantur
3345 4593 3362 4620 ,
3417 4547 3528 4608 hoo
3573 4565 3778 4626 quaeso
3815 4545 4120 4628 pericolum

1038 4646 1282 4728 iaciant3
1339 4649 1472 4730 quid
1528 4670 1597 4713 ex
1653 4651 1896 4732 ipsorum
1952 4653 2230 4713 sententia
2283 4652 2355 4714 de
2409 4669 2546 4712 lesu
2607 4651 2792 4712 verbis
2846 4671 2912 4712 ac
2965 4651 3128 4713 saetis
3179 4650 3314 4712 satis
3369 4648 3658 4713 Historiae
3720 4653 3940 4711 coutet
4003 4653 4120 4708 tam

1040 4757 1293 4812 accurate
1332 4753 1629 4827 definiant,
1688 4761 1751 4816 ut
1790 4755 1907 4816 vita
1944 4759 2005 4817 et
2046 4755 2301 4817 doctrina
2342 4771 2481 4816 msu
2523 4753 2766 4816 construi
2817 4754 3020 4834 possit3
3078 4753 3228 4835 quod
3269 4753 3377 4815 nisi
3415 4753 3680 4825 fecerint,
3739 4750 4119 4832 grandiloquis

1042 4853 1236 4914 saltem
1276 4853 1458 4917 verbis
1498 4857 1569 4919 de
1609 4875 1867 4920 cnnxs‘ro
1906 4877 2005 4920 suo
2046 4877 2175 4920 vere
2216 4855 2510 4917 Historieo
2551 4855 2818 4916 disserere
2863 4853 3138 4916 desinant.
