4730 6049
1110 635 1241 703 1⁷2
2306 636 2357 702 1.
2430 636 2480 703 1.
2552 631 2979 703 DOEDES

1104 842 1387 917 Etenim
1458 866 1600 917 non
1671 866 1913 917 omnes
1976 841 2237 931 critici,
2312 867 2402 917 ne
2470 843 2545 919 in
2617 843 2960 944 theologis
3026 841 3310 943 quidem
3332 901 3357 932 ,
3423 842 4024 943 praestantissimo
4075 844 4178 921 illi

1108 963 1345 1037 critico
1416 962 1675 1037 similes
1740 969 1943 1051 sunt,
2015 962 2104 1036 de
2175 986 2318 1061 quo
2387 963 2656 1041 dictum
2723 971 2864 1039 est:
2938 992 2976 1032 ιι
2999 962 3176 1037 nihil
3229 962 3556 1039 sumebat
3599 970 3896 1053 temere,
3963 964 4092 1041 sed
4135 990 4178 1041 a

1105 1092 1293 1159 certo
1338 1083 1635 1183 cognitis
1680 1092 1753 1157 et
1804 1082 2187 1181 perspicuis
2242 1082 2353 1158 via
2403 1110 2484 1159 ac
2531 1085 2798 1161 ratione
2841 1082 3414 1184 progrediebatur
3466 1082 3558 1159 ad
3607 1108 3692 1159 ea
3710 1143 3735 1174 ,
3785 1108 3970 1185 quae
4009 1085 4172 1161 inde

1101 1205 1485 1279 necessaria
1555 1203 2039 1279 consecutione
2106 1204 2542 1280 efficerentur
2617 1206 2753 1299 ¹).''
2859 1203 3138 1283 Quodsi
3207 1204 3620 1279 recentiores
3695 1194 3940 1280 omnes
4003 1203 4179 1279 nihil

1100 1330 1361 1399 temere
1434 1322 1844 1398 sumsissent
1861 1382 1883 1411 ,
1950 1322 2205 1423 quodsi
2272 1325 2384 1399 via
2443 1350 2524 1401 ac
2591 1326 2857 1401 ratione
2927 1349 2970 1399 a
3007 1330 3228 1405 ,certo
3291 1323 3592 1422 cognitis
3659 1332 3732 1397 et
3793 1324 4174 1423 perspicuis

1095 1444 1445 1544 progressi
1488 1443 1788 1519 fuissent
1838 1468 2081 1517 omnes
2133 1444 2225 1519 ad
2280 1470 2362 1521 ea
2381 1503 2403 1534 ,
2454 1471 2636 1545 quae
2677 1446 2843 1521 inde
2893 1442 3278 1518 necessaria
3327 1444 3818 1519 consecutione
3869 1444 4173 1521 effician-

1100 1572 1254 1653 tur,
1304 1589 1443 1640 non
1500 1564 1599 1639 ita
1644 1564 1825 1637 inter
1874 1588 1949 1637 se
2000 1563 2509 1665 discreparent,
2559 1574 2644 1640 ut
2685 1565 2876 1665 quod
2921 1572 3188 1661 certum
3241 1586 3392 1637 esse
3431 1572 3712 1661 putaret
3741 1564 3856 1639 hic
3883 1564 4172 1639 omnino

1094 1684 1494 1784 negandum
1540 1708 1691 1759 esse
1734 1690 2073 1758 statueret
2119 1684 2234 1758 ille
2253 1742 2275 1773 ,
2346 1694 2429 1759 ut
2483 1686 2675 1785 quod
2725 1686 2898 1761 alter
2951 1682 3230 1783 egregie
3285 1682 3620 1759 vindicari
3670 1708 3881 1784 posse
3936 1708 4172 1760 cense-

1095 1813 1202 1881 ret
1256 1805 1432 1880 alter
1489 1803 1682 1879 omni
1742 1803 2205 1878 fundamento
2276 1830 2508 1881 carere
2579 1806 2858 1881 diceret.
2961 1804 3160 1883 Quid
3205 1802 3334 1879 hac
3387 1812 3626 1879 nostra
3669 1812 3898 1879 aetate
3953 1804 4174 1881 critici

1097 1932 1421 2001 statuunt
1470 1924 1557 1999 de
1616 1923 1809 1999 Sacri
1853 1923 2131 1999 Codicis
2180 1924 2518 2001 librorum
2567 1925 2972 2001 auctoribus
2993 1978 3014 2015 ,
3066 1922 3242 2022 quid
3293 1922 3382 1997 de
3434 1932 3744 2025 tempore
3763 1982 3784 2014 ,
3836 1950 3979 2026 quo
4027 1926 4172 1999 sin·

1094 2044 1247 2145 guli
1310 2044 1469 2119 libri
1532 2043 1904 2143 conscripti
1959 2043 2135 2133 sint,
2196 2045 2372 2145 quid
2436 2071 2498 2122 e.
2548 2072 2618 2146 g.
2679 2047 2768 2122 de
2813 2043 3220 2144 Euangeliis
3263 2042 3694 2144 Synopticis,
3758 2045 3850 2120 de
3899 2045 4171 2145 seriptis

1094 2164 1433 2263 Apostolo
1494 2187 1755 2237 rosum
1814 2163 2249 2254 tribuendis,
2318 2166 2492 2265 quid
2561 2167 2650 2242 de
2709 2165 2952 2266 populi
3009 2162 3380 2237 Israelitici
3449 2162 3734 2237 historia
3752 2221 3773 2252 ,
3845 2161 4020 2263 quid
4080 2163 4169 2238 de

1092 2306 1257 2359 nisu
1298 2306 1597 2357 omnen
1630 2308 1922 2383 persona
1942 2341 1964 2372 ,
2006 2284 2169 2359 fatis
2198 2284 2544 2385 factisque
2586 2286 2894 2361 mirificis
2913 2344 2934 2374 ,
2977 2282 3153 2383 quid
3201 2282 3291 2357 de
3321 2282 3472 2357 eius
3503 2282 3870 2357 doctrina?
3915 2284 4169 2359 Nonne

1093 2403 1287 2478 vides
1306 2463 1327 2493 ,
1393 2403 1627 2479 omnia
1682 2404 2056 2494 fluctuare,
2122 2405 2359 2481 omnia
2429 2405 2772 2481 dissoluta
2831 2430 3018 2493 esse,
3067 2402 3282 2501 idque
3327 2427 3658 2502 magnam
3709 2411 3980 2502 partem
4021 2428 4168 2479 mo·

1093 2523 1378 2599 derante
1442 2524 1679 2599 critica
1738 2524 1857 2599 illa
1875 2582 1897 2613 ,
1967 2533 2325 2626 tantopere
2386 2551 2429 2600 a
2471 2533 2544 2600 te
2588 2526 2870 2601 laudata
2889 2584 2911 2615 ,
2961 2529 3104 2624 qua
3144 2523 3286 2598 fere
3338 2523 3445 2597 uti
3492 2523 3818 2599 videntur
3863 2524 4170 2625 theologi

1090 2644 1409 2720 nonnulli
1469 2656 1833 2743 tamquam
1897 2645 2139 2745 clypeo
2157 2704 2179 2735 ,
2251 2671 2396 2745 quo
2465 2647 2634 2723 tecti
2704 2647 3059 2722 destruere
3125 2643 3435 2719 audeant
3499 2668 3960 2744 quaecunque
4025 2643 4168 2719 suis

1089 2764 1536 2865 opinionibus
1584 2774 1657 2839 et
1701 2766 2063 2864 systemati
2108 2766 2447 2841 obstent?
2521 2767 2688 2867 Ipse
2734 2766 2970 2841 videas
2987 2823 3008 2854 ,
3061 2786 3276 2863 quam
3325 2762 3546 2838 amice
3583 2762 3932 2863 conspiret
3971 2762 4164 2837 scho-

1087 2883 1195 2959 lae
1236 2884 1707 2984 Tubingensis
1752 2886 2096 2960 sententia
2134 2880 2298 2961 cuin
2352 2886 2904 2961 adversariorum
2956 2883 3268 2961 doctrina
3320 2882 3410 2957 de
3445 2883 3796 2958 Ecclesiae
3835 2882 4168 2959 Christia-

1086 3030 1221 3080 nae
1288 3005 1679 3105 primaevae
1750 3005 2077 3096 historia,
2148 3005 2386 3082 videas
2404 3065 2426 3096 ,
2504 3032 2718 3107 quam
2791 3005 2969 3082 nihil
3026 3002 3516 3105 praeiudicatis
3587 3001 4036 3103 opinionibus
4095 3027 4168 3078 se

1088 3123 1253 3199 duci
1303 3125 1661 3224 patiantur
1710 3124 2015 3226 theologi
2033 3184 2055 3215 ,
2122 3151 2422 3225 quorum
2477 3127 2634 3202 lites
2688 3133 2760 3202 et
2815 3123 3316 3202 controversiae
3371 3123 3918 3200 innumerabiles
3961 3130 4166 3213 sunt,

1089 3245 1409 3344 quamvis
1457 3244 1600 3318 veri
1652 3252 1967 3320 amantes
2016 3253 2089 3322 et
2137 3271 2516 3347 germanae
2565 3247 2835 3322 critices
2883 3247 3232 3322 studiosos
3273 3269 3347 3318 se
3396 3269 3550 3320 esse
3593 3269 3835 3320 omnes
3883 3253 4166 3318 conten·

1089 3364 1301 3440 dantl
1384 3363 1636 3439 Videas
1686 3364 1926 3465 itaque
1946 3425 1968 3456 ,
2017 3391 2135 3442 eos
2186 3368 2313 3468 qui
2361 3368 2452 3441 de
2507 3368 2658 3442 iure
2700 3365 2970 3443 critices
3015 3365 3196 3438 nulli
3247 3363 3575 3439 dubitent
3620 3389 3762 3439 non
3823 3363 3974 3438 sine
4015 3364 4166 3438 iure

1090 3485 1376 3562 omnino
1450 3493 1763 3561 metuere
1782 3544 1803 3575 ,
1874 3511 1965 3561 ne
2028 3487 2101 3560 in
2166 3487 2768 3562 subiectivismum
2827 3491 3037 3560 ruant
3100 3484 3320 3559 critici
3338 3543 3360 3574 ,
3421 3485 3559 3559 nisi
3613 3491 3802 3560 certa
3850 3509 3994 3585 qua
4039 3483 4162 3559 ob-

1094 3607 1527 3706 stringantur
1570 3613 1783 3704 atque
1832 3605 2235 3706 obligentur
2284 3606 2702 3682 adhibeatur
2745 3606 3016 3682 critices
3069 3627 3338 3679 norma.

1062 3791 1070 3796 .
1191 3727 1358 3800 Non
1399 3725 1535 3800 alia
1583 3725 1911 3824 equidem
1961 3727 2184 3802 sentio
2202 3786 2223 3817 ,
2288 3728 2391 3802 ita
2439 3727 2822 3829 respondeo
2840 3784 2861 3815 ,
2929 3749 3160 3823 neque
3215 3723 3438 3799 ullum
3489 3749 3805 3824 unquam
3845 3721 4165 3800 criticum

1100 3843 1251 3920 sine
1295 3845 1599 3943 quadam
1644 3869 1889 3920 norma
1934 3846 2141 3920 crisin
2186 3848 2574 3923 exercuisse
2623 3847 2849 3922 credo.
2945 3844 3142 3923 Quid
3176 3854 3424 3938 autem·
3453 3854 3600 3933 est,
3651 3844 3844 3943 quod
3881 3867 4164 3918 normae

1099 3963 1215 4039 hic
1274 3964 1505 4038 locum
1574 3963 1888 4039 tenebit?
1960 3966 2155 4042 Num
2206 3967 2487 4042 admitti
2532 3973 2764 4067 potest
2817 3965 3008 4066 quod
3057 3963 3329 4038 vacillat
3346 4022 3366 4053 ,
3419 3964 3612 4063 quod
3657 3989 3797 4040 non
3847 3964 3997 4038 sine
4041 3987 4162 4063 pe·

1100 4082 1346 4158 titione
1406 4081 1727 4182 principii
1792 4085 2126 4160 statuitur
2142 4145 2164 4176 ,
2231 4087 2424 4186 quod
2481 4086 2768 4163 omnino
2814 4083 3432 4160 demonstrandum
3481 4085 3644 4160 est?
3719 4083 3864 4158 Hic
3905 4082 4163 4158 scilicet

1098 4202 1425 4280 imitandi
1478 4209 1645 4277 sunt
1692 4204 1819 4302 qui
1866 4211 2177 4282 veterum
2234 4206 2554 4282 codicum
2605 4205 2834 4281 textui
2879 4206 2954 4278 in
3001 4204 3354 4302 integrum
3405 4204 3838 4282 restituendo
3879 4225 4161 4304 operam

1098 4329 1378 4399 navant.
1480 4319 1731 4398 Variae
1794 4323 2031 4398 adsint
2088 4325 2440 4402 lectiones.
2544 4325 2741 4405 Quid
2803 4334 3046 4400 auctor
3099 4321 3448 4422 scripserit
3507 4324 3884 4423 quaeritur.
3987 4323 4161 4396 Ger-

1098 4465 1350 4519 manus
1414 4440 1693 4516 criticus
1759 4443 1933 4543 quid
1996 4445 2131 4520 sibi
2192 4446 2593 4522 faciendum
2651 4445 2894 4522 ducit?
2971 4447 3040 4521 A
3079 4452 3266 4520 certo
3311 4444 3610 4544 cognitis
3659 4451 3732 4520 et
3778 4441 4162 4544 perspicuis

1094 4559 1553 4662 progreditur.
1678 4559 1999 4663 Linguae
2020 4622 2042 4653 ,
2109 4588 2249 4663 qua
2313 4563 2491 4639 liber
2555 4563 2988 4664 conscriptus
3047 4571 3156 4639 est
3172 4621 3194 4654 ,
3261 4562 3567 4640 indolem
3588 4623 3610 4654 ,
3685 4562 3989 4640 auctoris
4061 4561 4161 4637 lo·

1027 4827 1041 4838 ”
1188 4817 1239 4892 ¹)
1299 4815 1387 4877 De
1424 4833 1545 4878 rm.
1588 4831 2051 4880 nsnsrnanusro
2090 4833 2495 4880 aunnxmus.
