4730 6049
1021 703 1149 769 110
2175 699 2249 765 Β.
2318 699 2521 765 ΤΕΒ.
2590 697 2883 764 HAAR

1014 938 1088 987 se
1128 907 1550 1007 mancipanti
1571 965 1591 995 ,
1657 905 1866 980 huius
1918 902 2312 979 certaminis
2373 930 2413 979 e
2472 905 2855 1005 longinquo
2895 906 3198 982 otiosum
3247 931 3328 983 ac
3371 907 3828 1007 tranquillum
3877 932 4070 1008 spec·

1010 1041 1303 1108 tatorem
1354 1053 1427 1103 se
1475 1050 1710 1126 gerere
1756 1025 2088 1101 concedat
2135 1031 2206 1099 et
2253 1025 2633 1124 permittat.

1106 1152 1268 1224 Non
1334 1147 1633 1246 amplius
1652 1204 1672 1234 ,
1745 1145 1851 1219 uti
1914 1144 2297 1219 maioribus
2358 1145 2614 1219 nostris
2677 1152 3087 1221 consuetum
3156 1153 3340 1235 erat,
3408 1147 3497 1222 de
3566 1172 3709 1224 uno
3771 1148 4070 1225 alterove

1009 1271 1334 1369 dogmate
1403 1266 1494 1342 ad
1562 1265 1981 1340 Litterarum
2043 1264 2411 1340 Sacrarum
2472 1289 2787 1340 normam
2857 1266 3107 1341 melius
3174 1268 3640 1342 construendo
3698 1267 3807 1343 vel
3852 1266 4068 1367 expli·

1007 1391 1227 1467 cando
1246 1448 1267 1477 ,
1330 1389 1419 1463 de
1487 1386 1910 1461 Litterarum
1970 1385 2041 1459 S.
2096 1386 2639 1488 Θεοπνευστίᾳ,
2707 1384 2794 1459 de
2844 1384 3332 1484 Symbolorum
3393 1386 3460 1460 vi
3504 1394 3575 1461 et
3626 1386 4066 1477 auctoritate,

1006 1514 1093 1594 de
1135 1512 1221 1586 iis
1265 1533 1445 1608 quae
1493 1505 1582 1581 ad
1630 1504 1926 1579 salutem
1968 1512 2321 1579 aeternam
2358 1507 2916 1607 consequendam
2961 1505 3345 1582 necessaria
3391 1505 3532 1581 sint
3571 1506 4062 1597 existimanda,

1002 1631 1109 1706 vel
1168 1644 1407 1705 contra
1465 1626 1555 1701 ad
1606 1622 2005 1723 ἀδιάφορα
2049 1626 2285 1700 referri
2326 1652 2530 1725 posse
2573 1628 2973 1716 videantur,
3034 1626 3370 1726 Theologi
3415 1627 3635 1701 nostri
3682 1626 4062 1727 disputant.

997 1751 1238 1849 Longe
1304 1746 1615 1847 graviora
1676 1745 1933 1844 praelia
1992 1745 2372 1821 miscentur
2392 1804 2414 1835 ,
2477 1748 2578 1821 ita
2641 1755 2723 1823 ut
2777 1748 3192 1847 comparatis
3263 1747 3350 1821 iis
3371 1804 3391 1835 ,
3459 1770 3640 1845 quae
3701 1745 4065 1839 abierunt,

995 1862 1159 1946 cum
1216 1869 1360 1956 his,
1426 1890 1607 1966 quae
1667 1888 1855 1939 nune
1921 1873 2233 1963 aguntur
2294 1865 2760 1966 temporibus,
2829 1868 3016 1943 ultro
3073 1865 3278 1943 nobis
3345 1874 3698 1943 succurrat
3751 1866 3883 1943 hoc
3936 1891 4064 1945 nu·

996 2012 1225 2064 maur
1287 1986 1590 2061 dictum:
1662 1992 2023 2085 Hucusque
2086 1995 2345 2061 tantum
2413 1990 2627 2063 lusum
2702 1996 2834 2079 est,
2903 2012 3078 2063 nunc
3121 1990 3380 2063 demvm
3433 1991 3618 2063 seria
3659 1994 3947 2090 affantur
3971 1990 4064 2082 ι).

989 2110 1146 2182 Iam
1224 2132 1306 2181 eo
1376 2112 1786 2205 perventum
1863 2114 1970 2179 est
2048 2113 2163 2192 ut,
2248 2106 2608 2206 attentatis
2685 2114 2756 2180 et
2836 2106 3180 2205 quassatis
3257 2104 3731 2182 fundamentis
3755 2165 3776 2197 ‚
3845 2106 4068 2183 totius

990 2226 1286 2303 aedificii
1352 2226 1554 2299 ruina
1619 2225 1783 2300 huic
1844 2224 2197 2298 nonnullis
2268 2224 2632 2299 imminere
2699 2226 3037 2301 videatur.
3156 2225 3379 2300 Haud
3446 2226 3743 2315 desunt,
3809 2225 4067 2301 nostris

988 2346 1099 2421 his
1145 2345 1432 2436 diebuS,
1496 2345 1618 2443 qui
1664 2352 1811 2421 tam
1850 2344 2081 2444 palam
2125 2368 2205 2418 ac
2246 2352 2522 2443 aperte,
2575 2370 2650 2419 se
2696 2345 3053 2445 religionis
3101 2352 3174 2419 et
3217 2344 3580 2420 Societatis
3623 2344 4062 2421 Christianae

984 2467 1346 2543 interitum
1418 2465 1677 2554 moliri,
1747 2462 2073 2539 omnibus
2135 2462 2281 2538 suis
2344 2464 2618 2564 scriptis
2675 2490 2755 2540 ac
2816 2464 3041 2539 verbis
3105 2464 3459 2539 declarent
3477 2523 3499 2554 ,
3549 2490 3630 2541 ac
3680 2464 3742 2540 si
3783 2466 4066 2541 notissi-

984 2610 1174 2661 mam
1222 2586 1415 2660 illam
1472 2606 1783 2659 caroms
1832 2606 2066 2659 vocem
2120 2582 2512 2683 repeterent
2530 2643 2551 2674 ,
2627 2588 3110 2685 Cbrtbayiaeem
3159 2610 3308 2661 esse
3353 2586 3726 2663 delendam.
3825 2584 4066 2677 Quid,

981 2706 1173 2807 quod
1231 2704 1441 2781 etiam
1492 2704 1678 2780 intra
1719 2702 1897 2779 arcis
1944 2711 2390 2805 oppugnatae
2435 2728 2674 2781 muros
2719 2704 2912 2779 haud
2959 2704 3170 2803 pauci
3217 2703 3696 2805 reperiuntur,
3761 2706 3888 2805 qui
3929 2706 4068 2782 etsi

976 2826 1330 2927 religionis
1382 2834 1661 2901 nostrae
1722 2824 2133 2900 adversariis
2200 2814 2489 2899 minime
2543 2824 2986 2900 annumerari
3049 2823 3299 2914 velint,
3375 2825 3484 2899 vel
3545 2824 3762 2901 etiam
3819 2825 4066 2926 magni

976 2946 1171 3021 illam
1241 2968 1319 3021 se
1385 2946 1609 3021 facere
1668 2946 2125 3045 profiteantur
2141 3002 2163 3034 ,
2234 2946 2344 3020 vel
2405 2944 2504 3021 sic
2559 2952 2796 3020 tamen
2851 2946 2940 3020 de
2985 2944 3384 3020 firmissimo
3429 2943 3654 3046 (quod
3693 2944 4064 3046 hucusque

980 3065 1209 3140 visum
1282 3073 1461 3158 erat)
1528 3063 2051 3165 propugnaculo
2118 3063 2501 3139 deserendo
2519 3121 2544 3152 ,
2615 3063 3078 3163 hostibusque
3155 3064 3650 3166 ingruentibus
3717 3064 4062 3142 tradendo

978 3185 1157 3260 serio
1219 3184 1547 3284 cogitent.
1650 3185 1737 3259 In
1800 3193 1997 3261 tanto
2042 3207 2275 3259 rerum
2325 3181 2724 3260 discrimine
2771 3209 3054 3284 prorsus
3101 3184 3302 3260 silere
3321 3244 3343 3274 ,
3413 3209 3790 3286 veramque
3827 3185 4056 3263 animi

978 3305 1394 3380 sententiam
1452 3304 1657 3379 anxie
1714 3306 1935 3380 celare
2002 3303 2197 3381 nefas
2254 3304 2434 3380 foret
2497 3329 2578 3380 ac
2630 3305 3004 3405 piaculum.
3103 3305 3361 3405 Eloqui
3417 3306 3569 3382 sine
3618 3306 3724 3381 ira
3764 3309 3862 3382 ac‘
3891 3305 4050 3384 sine

976 3433 1173 3501 metu
1234 3425 1406 3524 quid
1478 3424 1727 3500 intima
1796 3425 2013 3500 dictet
2075 3424 2433 3525 persuasio
2453 3483 2475 3515 ,
2541 3427 2792 3501 suadet
2849 3425 2982 3500 hoe
3049 3450 3132 3500 ae
3177 3425 3378 3502 iubet
3419 3425 3842 3501 admonitrix
3883 3449 4050 3503 eon·-

970 3545 1299 3621 scientiae
1363 3567 1533 3634 νοις
1608 3543 1855 3620 suadet
1922 3544 2053 3618 hoc
2122 3568 2203 3620 ac
2274 3543 2474 3618 iubet
2539 3545 2846 3620 veritatis
2907 3544 3350 3644 indagandae
3405 3553 3477 3620 et
3539 3546 4050 3645 promovendae

973 3665 1287 3740 studium
1308 3723 1329 3754 ,
1378 3665 1732 3766 religionis
1776 3665 2211 3740 Christianae
2260 3663 2567 3764 dignitas
2613 3673 2688 3740 et
2731 3665 3155 3765 praestantia
3171 3723 3192 3755 ‚
3237 3666 3568 3765 ipsaque,
3617 3690 3798 3765 quae
3839 3666 4045 3743 nobis

970 3809 1127 3860 cara
1182 3809 1333 3860 esse
1396 3785 1606 3859 debet
1628 3843 1650 3873 ,
1716 3785 2067 3860 Ecclesiae
2128 3785 2353 3866 salus!
2457 3787 2666 3864 Quae
2723 3809 2886 3861 cum
2947 3784 3050 3860 ita
3089 3783 3275 3877 sint,
3340 3785 3718 3862 Auditores
3759 3785 4042 3863 Huma-

967 3903 1283 3995 nissimi,
1352 3903 1619 3978 solenni
1677 3903 1807 3979 hoc
1865 3904 1979 3978 die
2042 3904 2251 3980 verba
2316 3903 2665 3994 facturuS,
2714 3904 3042 3980 orationis
3089 3914 3585 4006 argumentum
3631 3903 4039 4005 eligendum

968 4047 1120 4099 esse
1185 4023 1360 4098 duxi
1376 4081 1396 4111 ,
1461 4045 1691 4122 neque
1744 4049 1789 4098 a
1846 4023 2100 4099 studiis
2155 4024 2329 4100 meis
2387 4049 2619 4123 neque
2668 4022 2762 4101 ab
2813 4024 2941 4099 hac
2987 4032 3383 4125 temporum
3429 4032 3828 4101 nostrmum
3869 4049 4036 4101 con-

969 4141 1231 4216 ditione
1290 4141 1616 4219 alienum.
1715 4141 1871 4218 Etsi
1929 4151 2165 4220 autem
2232 4145 2351 4220 vix
2401 4167 2674 4244 sperare
2725 4143 2964 4234 liceat,
3027 4146 3176 4222 fore
3221 4154 3304 4222 ut
3320 4204 3342 4235 ,
3389 4145 3467 4222 in
3510 4153 3709 4224 tanta
3753 4152 4034 4221 senten·-

964 4261 1221 4337 tiarum
1301 4261 1644 4336 discordia
1721 4285 1802 4338 ac
1865 4262 2355 4366 discrepantia,
2429 4287 2550 4339 vos
2609 4287 2852 4340 omnes
2918 4265 3094 4340 mihi
3163 4266 3620 4341 assentientes
3683 4263 3985 4341 habeam
4009 4323 4033 4357 ,

960 4382 1297 4482 gravitate
1350 4389 1584 4460 tamen
1646 4389 1859 4480 atque
1896 4385 2416 4483 opportunitate
2459 4407 2674 4483 quam
2719 4385 3022 4459 maxime
3063 4385 3342 4462 dicendi
3387 4383 3676 4462 materia
3721 4409 3800 4460 se
3839 4409 4030 4462 com-

960 4501 1344 4578 mendabit.
1443 4501 1694 4577 Dicam
1738 4501 1929 4577 enim
1985 4533 2023 4574 n
2037 4505 2123 4578 de
2168 4503 2530 4580 Historica
2568 4505 2920 4606 reliyionis
2975 4507 3409 4582 Christianae
3445 4507 3704 4596 indole,
3752 4508 4030 4582 nimium

959 4624 1157 4698 hodie
1221 4629 1455 4721 spreta
1472 4681 1493 4711 ,
1568 4622 1757 4697 baud
1796 4625 1947 4698 siae
1990 4627 2398 4726 yraviseimo
2443 4627 2688 4700 damno
2735 4627 3210 4702 contemnenda
3255 4651 3340 4700 ac
3385 4627 3858 4726 neylryendal’
3925 4660 4028 4686 -··

958 4743 1175 4820 Quod
1222 4741 1283 4815 si
1328 4749 1563 4816 autem
1612 4740 1824 4817 huius
1867 4741 2275 4843 argumenti·
2312 4741 2656 4842 dignitate
2695 4742 2900 4844 longe
2945 4742 3228 4818 inferior
3271 4769 3316 4818 a
3357 4742 3555 4818 vobis
3603 4743 4024 4844 comperiar,

956 4860 1210 4961 partim
1230 4918 1250 4950 ,
1318 4885 1575 4959 quaeso
1590 4920 1611 4951 ,
1680 4861 2037 4939 brevitatis
2084 4864 2420 4963 temporis
2467 4885 2808 4939 memores
2857 4861 3016 4968 sitis
3032 4922 3057 4953 ,
3121 4887 3236 4940 me
3283 4862 3722 4938 admonentis
3765 4885 3858 4938 ne
3897 4885 4022 4964 pa-
