4730 6049
1872 658 2434 729 onarlo.
3493 665 3688 755 ,lm

616 866 816 945 Haec
856 866 1190 943 nimirum
1232 890 1511 942 summa
1534 871 1761 965 -atque
1802 874 2083 943 aeterna
2126 868 2277 943 eius
2318 869 2472 943 laus
2491 928 2512 958 ,
2552 869 2682 945 hoc
2727 870 3231 970 sempiternum
3277 872 3428 949 eius
3464 873 3680 951 decus

616 994 724 1065 est
789 986 1194 1063 habendum
1216 1045 1237 1075 ,
1309 986 1501 1086 quod
1553 1010 1693 1061 non
1740 994 2017 1063 tantum
2067 996 2514 1089 praeceptum
2543 988 2744 1065 -illud
2793 991 3047 1067 amoris
3095 993 3500 1091 praescribit
3557 995 3680 1071 ho·

613 1108 1029 1208 minumque
1101 1108 1353 1185 animis
1416 1107 1903 1218 qommendat3
1992 1109 2184 1208 quod
2240 1134 2382 1185 non
2457 1117 2734 1187 tantum
2787 1109 2861 1185 in
2911 1111 3051 1186 vita
3103 1136 3403 1187 emusrr
3456 1114 3680 1213 perfe-

615 1228 965 1305 ctissimae
1026 1228 1305 1303 virtutis
1366 1230 1769 1329 exemplum
1834 1228 2255 1304 intuendum
2318 1238 2392 1305 et
2453 1230 2872 1307 imitandum
2915 1230 3205 1329 praebet
3222 1266 3243 1322 ;
3299 1232 3422 1307 sed
3490 1234 3681 1334 quod

614 1373 855 1450 reapse
926 1348 1293 1427 hominum
1352 1348 1622 1425 animos
1686 1348 2221 1449 flagrantissimo
2292 1374 2460 1451 erga
2509 1350 2743 1425 Deum
2763 1408 2784 1440 ,
2851 1374 3228 1427 cnars‘rtm
3251 1411 3272 1441 ,
3329 1353 3678 1452 proximos

616 1494 849 1545 amore
900 1468 1195 1558 imbuit;
1270 1468 1462 1569 quod
1510 1469 1867 1545 hominem
1918 1470 2153 1569 ipsum
2200 1469 2294 1545 ad
2340 1494 2569 1545 veram
2625 1470 2952 1545 virtutem
2976 1530 2997 1560 ,
3067 1496 3316 1547 novam
3365 1480 3677 1550 mentem

618 1614 699 1667 ac
734 1613 987 1665 novam
1030 1588 1244 1665 vitam
1274 1588 1601 1665 informat
1639 1597 1712 1665 et
1742 1589 2081 1691 perducit.
2168 1590 2542 1675 Quomodo
2590 1590 2766 1666 illud
2811 1590 3062 1666 efficiat
3091 1591 3472 1690 quaeritis?
3543 1593 3674 1669 Te-

613 1718 760 1803 stor
794 1709 1088 1785 unicum
1114 1716 1188 1784 et
1222 1709 1529 1808 palmare
1553 1709 1817 1785 factum
1839 1770 1861 1800 ,
1910 1710 2100 1809 quod
2144 1710 2357 1785 veluti
2395 1735 2509 1786 cor
2550 1736 2630 1786 ac
2673 1709 3143 1786 meditullium
3182 1712 3398 1787 totius
3439 1713 3672 1789 Euan-

614 1830 781 1931 gelii
824 1837 933 1905 est
978 1828 1419 1906 habendum:
1480 1859 1516 1899 a
1532 1830 1766 1905 Deum
1788 1888 1807 1921 ,
1860 1854 1984 1930 pro
2026 1830 2362 1929 singulari
2399 1838 2612 1930 atque
2656 1829 2930 1905 infinito
2979 1856 3105 1906 suo
3145 1856 3413 1921 amore,
3463 1832 3672 1909 unico

612 1950 797 2026 Filio
848 1950 1137 2025 minime
1188 1948 1609 2050 pepercisse,
1665 1957 1745 2025 ut
1779 1973 2056 2039 omneS,
2108 1954 2424 2048 quoquot
2461 1949 2624 2024 huic
2658 1948 2872 2023 fidem
2912 1948 3250 2039 habeant,
3283 1950 3676 2027 teterrimae

618 2070 967 2145 servitutis
1028 2069 1197 2171 iugo
1258 2069 1641 2145 liberentur
1698 2069 2017 2169 vitaeque
2063 2078 2382 2145 aeternae
2430 2068 2812 2145 reddantur
2859 2069 3251 2170 participes,
3355 2071 3571 2149 Quod
3617 2072 3679 2147 si

614 2190 921 2266 creditur
966 2190 1373 2289 intimisque
1424 2190 1723 2290 pectoris
1764 2190 2108 2264 thesauris
2168 2190 2601 2279 reconditur,
2660 2189 2970 2265 nascitur
3015 2214 3207 2266 amor
3223 2249 3244 2279 ,
3295 2216 3494 2267 verae
3541 2192 3674 2267 vir-

612 2311 788 2387 tutis
830 2311 1287 2411 omniumque
1340 2311 1681 2389 virtutum
1726 2334 2013 2410 patena,
2082 2310 2207 2410 qui
2251 2336 2293 2386 a
2334 2310 2487 2387 Deo
2532 2310 2951 2408 Christoque
2990 2309 3328 2411 incipiens
3350 2370 3371 2400 ,
3422 2311 3679 2387 desinit

608 2430 683 2507 in
726 2429 1059 2507 omnibus
1095 2432 1379 2507 omnino
1422 2429 1824 2507 hominibus
1868 2429 2112 2504 eodem
2154 2429 2407 2505 amoris
2451 2453 2662 2505 sensu
2697 2429 3235 2527 complectendis
3268 2431 3392 2523 4⁰).
3459 2432 3674 2511 Quod
3769 2449 3774 2460 '

612 2550 673 2625 si
740 2556 1041 2651 negatur
1102 2551 1212 2626 vel
1277 2552 1353 2626 in
1410 2550 1708 2625 dubium
1757 2556 2078 2638 vocatur,
2144 2556 2490 2647 quantum
2543 2548 2782 2623 damni
2829 2554 2902 2622 et
2950 2549 3352 2624 detrimenti
3406 2550 3508 2625 vis
3557 2552 3678 2628 illa

612 2669 845 2747 divina
888 2678 962 2746 et
1002 2672 1243 2747 efficax
1280 2672 1373 2747 ad
1412 2670 1779 2746 hominum
1822 2670 2091 2745 animos
2132 2669 2603 2745 emendandos
2638 2667 2900 2767 capiat,
2951 2668 3176 2742 verbis
3223 2668 3518 2769 exprimi
3560 2672 3677 2749 vix

614 2799 867 2891 potest.
969 2791 1446 2869 Pulcherrima
1514 2791 1865 2867 doctrinae
1915 2790 2380 2889 Euangelicae
2397 2848 2418 2880 ,
2467 2814 2630 2865 cum
2681 2788 3096 2863 theoreticae
3141 2796 3297 2863 tum
3339 2790 3678 2889 practicae

614 2936 739 2987 seu
809 2912 1091 2988 moralis
1108 2972 1131 3003 ,
1206 2913 1305 2989 sic
1378 2912 1646 2989 tollitur
1703 2936 1971 2987 corona.
2094 2910 2236 2985 Sed
2300 2910 2560 2985 iterum
2628 2908 2839 2986 audio
2913 2916 3309 2985 monentes:
3415 2940 3451 2980 n
3476 2911 3680 2990 Quae

613 3031 821 3109 modo
892 3033 1199 3111 laudasti
1280 3058 1725 3134 nequaquam
1802 3033 1893 3108 ab
1962 3032 2047 3107 iis
2066 3091 2087 3125 ,
2158 3056 2337 3132 quos
2397 3030 2698 3107 refutare
2745 3029 3062 3104 instituis
3081 3088 3100 3121 ,
3153 3030 3394 3132 negari
3445 3031 3680 3126 (durn-

613 3153 823 3230 modo
893 3179 1059 3230 cum
1126 3177 1345 3255 grano
1414 3155 1577 3232 salis
1599 3215 1620 3245 ,
1697 3162 1779 3232 ut
1857 3154 2057 3230 aiunt
2075 3213 2097 3244 ,
2164 3153 2594 3252 accipiantur
2659 3158 2732 3226 et
2795 3151 3254 3252 explicentur)
3323 3159 3407 3228 tu
3465 3151 3684 3254 probe

618 3275 891 3350 teneas!
979 3273 1179 3353 Quid
1199 3333 1221 3364 ,
1288 3274 1480 3376 quod
1530 3282 1603 3348 et
1660 3273 1735 3349 hi
1782 3273 1965 3348 ultro
2016 3272 2400 3348 concedant
2453 3271 2634 3347 vitae
2681 3295 2838 3348 vere
2887 3271 3114 3347 vitalis
3163 3295 3425 3347 novum
3471 3272 3690 3349 veluti

613 3393 1035 3494 principium
1056 3453 1077 3483 ,
1130 3403 1449 3470 cahrsro
1501 3393 1791 3494 eiusque
1848 3393 2117 3494 Spiritu
2166 3399 2450 3468 auctore
2468 3452 2489 3482 ,
2536 3390 2808 3467 mundo
2862 3415 3014 3466 esse
3061 3390 3364 3466 inditum
3382 3450 3403 3481 ,
3451 3390 3551 3466 ita
3603 3398 3690 3467 ut

617 3514 745 3592 hoc
792 3514 1076 3590 nornine
1130 3515 1526 3592 Historicae
1580 3513 1937 3615 religionis
1988 3512 2425 3590 Christianae
2479 3511 2734 3589 indolis
2786 3510 3011 3612 magis
3065 3511 3403 3599 vindices,
3470 3535 3688 3610 quam

618 3638 1079 3708 contemtores
1136 3632 1275 3709 diei
1324 3641 1723 3709 mereantur
1776 3633 1955 3725 ⁴¹).''
2010 3677 2112 3694 —
2160 3631 2400 3707 Audio
2429 3675 2433 3679 -
2461 3639 2535 3706 et
2589 3632 2886 3732 gaudeo.
2987 3631 3319 3707 Libenter
3378 3655 3536 3708 vero
3598 3656 3687 3707 ex

616 3751 701 3828 iis
770 3753 1219 3854 quaesierim:
1295 3752 1493 3832 Quid
1554 3753 1839 3828 tandem
1913 3777 2002 3828 ex
2058 3753 2370 3854 ipsorum
2418 3753 2764 3829 sententia
2810 3751 2898 3828 de
2951 3752 3242 3852 palmari
3290 3752 3416 3828 illo
3435 3751 3644 3852 ,facto
3661 3811 3684 3844 ,

618 3871 807 3971 quod
876 3897 994 3946 cor
1044 3879 1117 3947 et
1169 3870 1640 3948 meditullium
1690 3871 2063 3972 Euangelii
2115 3872 2552 3974 nuncupavi,
2603 3873 2692 3948 de
2735 3873 3038 3949 hominis
3079 3872 3545 3963 redemtione,
3595 3872 3687 3949 de

620 4015 920 4067 onnrs'rr
966 3999 1189 4068 morte
1231 3992 1621 4068 voluntaria
1637 4044 1658 4084 ,
1710 4001 1780 4066 et
1832 3992 2133 4094 insigni,
2188 4017 2404 4092 quem
2447 3993 2530 4067 ea
2571 3993 2940 4070 subeunda
2982 3992 3403 4096 prodiderit,
3452 4017 3684 4070 amore

618 4111 941 4190 historice
1000 4115 1319 4189 constet?
1412 4115 1577 4192 Quo
1639 4114 1927 4189 tandem
1992 4135 2203 4188 sensu
2258 4111 2457 4188 Deus
2503 4114 2852 4190 mundum
2907 4113 3046 4190 sibi
3095 4113 3492 4190 conciliasse
3547 4110 3687 4188 dici

618 4234 903 4333 potest?
974 4233 1071 4308 Et
1088 4291 1111 4322 ,
1176 4234 1369 4334 quod
1413 4233 1589 4308 mihi
1632 4233 1763 4308 hac
1814 4234 1889 4308 in
1936 4232 2341 4332 quaestione
2394 4257 2752 4310 summum
2793 4235 3104 4310 videtur:
3182 4235 3348 4314 Qua
3395 4233 3680 4308 tandem

620 4350 731 4428 via
776 4375 859 4428 ac
905 4351 1173 4429 ratione
1214 4375 1573 4428 cnmsrns
1614 4352 2033 4453 principium
2077 4353 2257 4428 illud
2301 4377 2458 4430 vere
2503 4353 2708 4430 vitale
2762 4354 3028 4430 mundo
3077 4352 3406 4428 indiderit
3453 4361 3524 4424 et
3567 4352 3675 4424 in-

619 4469 917 4546 fundere
966 4474 1265 4572 pergat?
1324 4473 1686 4552 'Quonam
1734 4472 2049 4549 vehiculo
2067 4531 2089 4563 ,
2156 4498 2297 4574 quo
2341 4473 2599 4552 factore
2651 4476 2774 4570 (sit
2823 4474 3024 4550 venia
3068 4471 3322 4563 verbis)
3375 4469 3676 4570 Spiritus

621 4590 773 4666 eius
822 4615 999 4666 usus
1038 4591 1131 4666 sit
1150 4650 1172 4681 ,
1216 4600 1297 4668 ut
1345 4615 1646 4668 onms'rr
1698 4599 2067 4668 sectatores
2114 4592 2391 4668 virtutis
2443 4594 2591 4669 veri
2641 4595 2942 4671 nominis
2991 4614 3276 4692 capaces
3291 4649 3312 4680 ‚
3358 4598 3680 4668 aeternae

622 4710 803 4786 vitae
844 4720 1195 4788 consortes
1219 4711 1587 4793 reddatur>
1641 4713 2011 4813 participes
2030 4715 2066 4788 Ρ
2113 4714 2247 4806 Et,
2294 4714 2355 4789 si
2393 4713 2566 4814 quid
2605 4714 2840 4806 video,
2888 4716 2976 4791 A.
3004 4714 3133 4790 A.!
3178 4711 3534 4814 responsio
3562 4711 3678 4790 hic

624 4830 697 4906 in
744 4839 1031 4933 promtu
1070 4843 1213 4910 est:
1264 4834 1535 4944 Eadem
1566 4833 1685 4910 illa
1714 4834 1855 4912 fide
1884 4835 1958 4910 in
2015 4858 2328 4912 onars‘ro
2377 4835 2728 4910 Historico
2745 4894 2768 4927 ,
2813 4833 3178 4924 hominum
3221 4833 3677 4928 Redemtore,
