4730 6049
1566 8 4605 165 ÷÷—-——-ffi

1858 653 2397 725 ORATIO
3524 666 3657 735 325

607 866 830 935 essent
891 860 1168 952 omnia,
1225 884 1310 937 eo
1377 860 1604 961 magis
1669 860 1970 937 effloruit
2010 887 2369 965 novaeque
2416 866 2697 943 nomine
2744 870 3232 947 commendata
3271 871 3410 947 fuit
3452 871 3657 949 disci-

603 980 788 1081 plina
807 1038 832 1069 ‚
901 1006 1084 1080 quae
1151 978 1530 1057 effectuum
1601 980 1877 1057 illorum
1947 985 2185 1059 studio
2249 986 2565 1087 neglecto
2630 996 2703 1063 et
2758 997 3109 1065 contemto
3168 992 3659 1069 continebatur

603 1108 764 1176 tota.
867 1100 1364 1177 Oeconomiam
1421 1100 1774 1201 politicam
1837 1114 2174 1205 tanquam
2227 1107 2341 1181 sui
2388 1107 2557 1183 iuris
2610 1109 3049 1209 disciplinam
3096 1111 3269 1187 iuris
3290 1155 3297 1161 ·
3320 1114 3661 1189 naturalis

605 1220 964 1297 doctorum
1025 1220 1492 1321 negligentiae
1545 1230 1780 1299 ortum
1837 1224 2091 1301 debere
2109 1284 2130 1315 ,
2177 1252 2387 1303 nemo
2433 1227 2633 1305 facile
2646 1287 2667 1318 ,
2718 1254 2833 1305 me
2880 1231 3113 1307 iudice
3132 1290 3153 1321 ,
3202 1233 3487 1333 aequior
3536 1234 3659 1309 ha-

602 1364 756 1415 rum
799 1364 1036 1417 rerum
1079 1340 1340 1417 arbiter
1387 1340 1654 1417 inficias
1693 1342 1848 1417 ibit.
1947 1343 2262 1443 Eiusque
2311 1370 2356 1421 a
2396 1347 2547 1421 iure
2594 1348 2895 1423 naturali
2912 1407 2935 1437 ,
2984 1374 3125 1425 non
3174 1351 3331 1427 dieo
3371 1351 3657 1427 distinc-

602 1461 860 1538 tionem
919 1469 1046 1537 aut
1107 1460 1608 1563 separationem
1628 1520 1651 1552 ,
1711 1463 1836 1539 sed
1899 1463 2358 1541 divulsionem
2410 1466 2587 1542 adeo
2634 1468 2868 1543 neutri
2911 1468 3253 1570 profuisse
3303 1472 3501 1547 testis
3554 1479 3662 1546 est

602 1580 904 1659 historia.
1005 1582 1276 1657 Sterilis
1327 1581 1694 1681 inanisque
1740 1582 1960 1659 evasit
2008 1583 2182 1659 iuris
2227 1587 2564 1663 naturalis
2612 1588 2977 1687 disciplina
2994 1646 3015 1677 ,
3066 1614 3228 1665 cum
3278 1614 3417 1665 non
3466 1614 3661 1667 cura·

601 1710 790 1775 retur
849 1725 964 1776 res
1029 1700 1150 1777 illa
1219 1701 1630 1801 gravissima
1701 1701 2128 1803 maximique
2193 1705 2529 1780 momenti
2546 1763 2567 1794 ,
2640 1707 2929 1783 effectus
2993 1708 3068 1783 in
3134 1710 3656 1810 prosperitatem

599 1820 954 1921 publicam
1015 1827 1088 1896 et
1149 1822 1511 1921 privatam.
1631 1822 1710 1897 Si
1756 1822 1850 1899 ad
1897 1824 2052 1899 illos
2105 1823 2395 1901 effectus
2440 1834 2747 1903 mentem
2790 1828 3113 1905 attendas
3166 1830 3345 1905 solos
3364 1887 3385 1918 ,
3436 1854 3527 1906 ne
3576 1856 3663 1906 ex

601 1940 900 2015 utilitate
967 1940 1114 2017 sola
1183 1942 1420 2015 omnia
1485 1940 1826 2017 diiudices
1891 1951 1966 2017 et
2039 1945 2348 2021 metiaris
2418 1946 2799 2022 verendum
2876 1956 3002 2025 est.
3120 1949 3471 2048 Apparuit
3534 1949 3664 2027 boc

599 2070 832 2137 nostra
871 2069 1102 2136 aetate
1121 2120 1142 2151 ,
1189 2085 1356 2137 cum
1403 2059 1714 2160 undique
1754 2061 2248 2163 impugnatum
2293 2065 2587 2141 dominii
2622 2066 3201 2167 proprietatisque
3236 2070 3349 2145 ius
3386 2092 3475 2145 ex
3520 2069 3665 2145 suis

603 2180 762 2257 solis
825 2180 1186 2281 principiis
1243 2180 1428 2256 tueri
1479 2180 1736 2255 frustra
1810 2182 2189 2281 susceperit
2241 2184 2644 2259 oeconomia
2686 2184 2997 2283 politica.
3098 2186 3195 2261 Et
3248 2210 3462 2287 quam
3509 2187 3664 2287 plu-

597 2299 858 2377 rimum
923 2302 1145 2401 prosit
1206 2301 1430 2377 amica
1485 2300 1882 2377 coniunctio
1947 2310 2020 2377 et
2079 2304 2534 2403 conspiratio,
2604 2326 2887 2379 sumu
2932 2304 3184 2381 evincit
3228 2307 3664 2406 exemplum,

599 2444 740 2521 quo
799 2446 1008 2497 nemo
1026 2480 1049 2512 ,
1115 2421 1360 2496 saltem
1411 2446 1526 2497 me
1569 2421 1798 2497 iudice
1817 2479 1838 2510 ,
1901 2423 2238 2522 pecuniae
2289 2431 2615 2499 naturam
2664 2432 2737 2499 et
2778 2426 3131 2525 perspexit
3183 2434 3256 2500 et
3302 2428 3672 2527 explicavit

600 2542 878 2617 melius.
999 2541 1333 2619 Ostendit
1395 2566 1674 2642 quoque
1735 2567 1846 2617 res
1909 2541 2268 2619 cambialis
2332 2542 2461 2619 hac
2521 2551 2761 2618 nostra
2826 2552 3053 2619 aetate
3116 2546 3369 2621 melius
3432 2555 3506 2621 et
3560 2548 3666 2623 in-

601 2660 876 2737 tellecta
919 2667 992 2737 et
1037 2660 1394 2750 ordinata,
1459 2686 1670 2762 opera
1716 2662 2034 2761 inprimis
2085 2670 2160 2737 et
2217 2662 2485 2737 meritis
2536 2663 2833 2737 duorum
2886 2664 3189 2739 virorum
3240 2668 3627 2743 coniunctis
3645 2724 3669 2759 ,

601 2805 902 2879 quorum
956 2780 1170 2871 alter,
1221 2804 1492 2857 munna·
1511 2840 1534 2872 ,
1582 2782 2012 2857 cambiorum
2065 2782 2138 2857 in
2181 2782 2396 2857 vitam
2434 2782 2707 2857 civilem
2754 2782 3079 2859 effectum
3100 2843 3122 2871 ,
3160 2785 3373 2874 alter,
3410 2810 3629 2861 mnnn
3648 2846 3669 2875 ,

603 2900 970 2977 iuridicam
1015 2912 1340 2977 naturam
1393 2910 1466 2977 et
1507 2903 1858 2978 notionem
1901 2902 2178 3003 egregie
2228 2901 2619 2977 illustravit.

707 3022 794 3098 111
841 3021 960 3098 illa
1003 3029 1242 3098 autem
1291 3022 1470 3098 vitae
1515 3022 2112 3100 necessitudinum
2159 3022 2248 3098 ab
2293 3022 2487 3098 omni
2530 3029 2727 3121 parte
2770 3021 3298 3123 investigatione
3340 3033 3413 3100 et
3458 3051 3669 3125 expo·

605 3141 854 3218 sitione
877 3201 898 3232 ,
965 3167 1124 3218 cum
1203 3144 1514 3244 primum
1577 3144 2042 3244 susciperetur
2057 3204 2079 3232 ,
2150 3144 2375 3220 multa
2436 3143 2823 3218 etiamnum
2894 3142 3271 3220 desiderari
3346 3169 3485 3220 non
3562 3155 3673 3222 est

606 3262 886 3338 mirum.
985 3263 1094 3338 Ea
1139 3272 1376 3340 autem
1426 3264 1732 3338 maxima
1774 3289 1861 3340 ex
1915 3275 2111 3364 parte
2159 3265 2667 3363 subsequentes
2712 3263 3209 3361 suppleverunt
3262 3265 3449 3340 anni.

701 3381 890 3457 Mihi
937 3382 1224 3481 quidem
1277 3382 1376 3457 sic
1421 3383 1562 3459 iam
1611 3383 1726 3458 hic
1775 3383 1966 3460 locus
2015 3384 2549 3460 constituendus
2596 3382 2889 3458 videtur.

703 3501 1264 3602 Distinguendae
1325 3527 1504 3601 quae
1563 3503 1743 3578 vitae
1797 3504 2310 3580 necessitudine
2358 3503 2613 3602 cuique
2657 3503 2973 3601 propriae
3022 3502 3163 3578 sint
3205 3503 3423 3602 genti.
3523 3505 3665 3578 Ex·

609 3620 972 3720 plicandae
1033 3631 1270 3698 autem
1331 3647 1418 3696 ex
1467 3623 1746 3723 propria
1793 3624 2134 3722 cuiusque
2177 3623 2409 3724 gentis
2453 3622 2687 3698 indole
2704 3679 2727 3713 ,
2776 3621 2939 3696 fatis
2956 3679 2978 3711 ,
3030 3622 3625 3700 vicissitudinibus
3643 3681 3666 3713 ,

609 3739 948 3815 moribus.
3490 3821 3497 3826 .

706 3860 1224 3936 Discernendae
1264 3886 1446 3961 quae
1491 3859 1672 3938 vitae
1711 3861 2262 3938 necessitudines
2303 3861 2632 3936 omnibus
2674 3859 3007 3960 gentibus
3052 3860 3191 3937 sint
3230 3887 3664 3940 communes.

611 3979 1130 4080 Distinguenda
1177 4007 1358 4081 quae
1409 3981 1652 4058 earum
1693 4007 1850 4058 vera
1890 3991 2140 4058 natura
2157 4039 2178 4070 ,
2229 4006 2411 4082 quae
2446 3982 2533 4056 de
2561 3981 2647 4054 iis
2675 3980 2886 4058 falsae
2918 3980 3259 4057 valuerint
3286 3982 3671 4081 opiniones.

707 4099 1062 4200 Separatis
1126 4100 1226 4176 ita
1291 4101 1416 4190 iis,
1487 4126 1666 4204 quae
1731 4101 1984 4202 cuique
2042 4102 2240 4201 genti
2283 4112 2449 4176 sunt
2494 4101 2809 4201 propria,
2876 4101 3260 4177 tenendum
3312 4127 3547 4178 rerum
3596 4112 3668 4178 et

614 4218 792 4293 vitae
853 4219 1452 4296 necessitudinum
1513 4231 1835 4296 naturam
1913 4221 2286 4320 (generalia
2330 4221 2675 4322 quaedam
2724 4220 2787 4294 si
2832 4221 3221 4319 exceperis,
3287 4246 3467 4319 quae
3516 4231 3662 4298 tam

609 4347 794 4414 arete
849 4363 1013 4415 cum
1075 4338 1364 4415 humani
1416 4340 1690 4441 generis
1739 4347 1990 4417 natura
2037 4341 2444 4429 cohaerent,
2496 4349 2577 4416 ut
2624 4339 2715 4416 ab
2770 4365 2853 4414 ea
2906 4365 3211 4438 prorsus
3235 4338 3477 4416 abesse
3521 4365 3662 4416 non

611 4459 883 4556 possint
923 4481 1054 4534 nec
1091 4457 1444 4535 abfuerint
1487 4468 1828 4560 unquam)
1875 4459 2206 4538 continuo
2255 4468 2328 4536 et
2374 4484 2513 4535 non
2562 4461 2949 4558 interrupto
2992 4481 3371 4558 progressu
3409 4461 3667 4534 mutari

613 4583 687 4650 et
752 4576 1020 4652 variari.
1139 4577 1302 4653 Alia
1365 4586 1472 4652 est
1538 4578 1830 4654 humani
1891 4579 2169 4678 generis
2227 4578 2302 4653 in
2374 4578 2601 4677 prima
2660 4577 2993 4666 infantia,
3054 4577 3129 4652 in
3184 4577 3431 4676 primis
3483 4579 3664 4656 vitae

616 4695 836 4771 civilis
899 4694 1120 4772 initiis
1183 4705 1472 4786 natura,
1535 4697 1670 4773 alia
1711 4698 1852 4774 iam
1903 4697 2188 4773 iuvenili
2231 4705 2498 4786 aetate,
2546 4697 2683 4774 8118
2727 4695 3038 4772 virilibus
3083 4695 3323 4785 annis,
3370 4696 3505 4772 alia
3556 4699 3663 4774 in·

623 4823 1068 4914 gravescente
1119 4825 1347 4892 aetate
1362 4874 1385 4908 ,
1436 4815 1570 4893 alia
1616 4815 2027 4917 decrepita
2005 4841 2146 4892 iam
2193 4824 2571 4892 senectute.
2672 4817 2750 4890 Si
2796 4813 3125 4890 omnibus
3166 4813 3276 4890 his
3320 4816 3665 4895 aetatibus
