4730 6049
1820 629 2380 703 ORATIO.
3499 642 3706 713 12⁴2,

563 840 1133 939 litterarumque
1196 838 1449 915 studiis
1520 839 1747 939 magis
1812 841 2086 930 nocuit,
2157 866 2372 940 quam
2431 844 2711 944 profuit.
2815 848 3053 925 Quam
3105 848 3356 925 divites
3401 849 3630 925 erudi-

563 963 775 1041 tionis
839 962 1209 1037 mauros
1266 967 1505 1035 mente
1574 960 1897 1037 habuerit
1953 964 2386 1053 reconditos,
2457 967 2720 1064 optime
2773 992 3018 1043 omnes
3065 975 3323 1043 norunt
3341 1026 3362 1055 ,
3427 980 3629 1067 quot·

567 1092 737 1184 quot
790 1083 961 1159 iam·
995 1082 1273 1182 pridem
1332 1081 1485 1157 eius
1534 1081 1973 1159 institutione
2022 1092 2093 1159 et
2137 1084 2604 1163 familiaritate
2661 1086 2772 1161 usi
2822 1096 3008 1163 sunt.
3111 1088 3384 1165 Quanti
3428 1088 3630 1165 illum

564 1203 853 1283 fecerint
899 1202 1227 1303 discipuli
1261 1201 1764 1291 amantissimi,
1802 1203 2021 1279 instar
2063 1204 2382 1281 omnium
2419 1206 2618 1281 testis
2643 1207 2846 1283 nobis
2872 1216 2980 1281 est
3005 1214 3238 1283 noster
3265 1232 3364 1283 m:
3393 1232 3629 1298 anna,

566 1324 689 1425 qui
746 1324 965 1423 digno
1032 1322 1345 1399 encomio
1406 1322 1751 1421 Magistro
1806 1348 1934 1399 suo
1984 1324 2432 1401 dilectissimo
2481 1326 2866 1425 parentavit
2912 1326 3002 1418 ὅ).
3106 1328 3377 1405 Quanti
3425 1328 3630 1403 illum

563 1444 853 1521 fecerint
912 1444 1239 1542 Collegae
1296 1442 1886 1533 coniunctissimi,
1946 1446 2133 1521 fidus
2194 1446 2512 1522 omnium
2576 1447 2914 1546 interpres
2933 1506 2954 1535 ,
3019 1448 3110 1523 ad
3160 1448 3470 1523 defuncti
3521 1472 3628 1522 se·

564 1564 887 1665 pulcrum
952 1586 1363 1639 novnasms
1435 1570 1669 1637 noster
1738 1562 2054 1639 elocutus
2121 1571 2249 1641 est.
2345 1566 2570 1641 Recte
2635 1568 2954 1655 omnine,
3027 1574 3108 1641 ut
3169 1568 3414 1667 opinor
3433 1626 3453 1655 ,
3517 1567 3630 1644 hio

567 1684 1025 1763 animadverti
1068 1682 1309 1771 iussit,
1360 1682 1677 1757 intimam
1700 1740 1721 1771 ,
1772 1708 1985 1781 quam
2042 1706 2672 1761 enonnnwounms
2725 1710 2886 1761 cum
2939 1685 3027 1762 V.
3052 1714 3058 1719 ·
3079 1688 3160 1761 F.
3217 1695 3632 1786 argumento

562 1813 999 1883 contraxerat
1032 1801 1571 1879 familiaritatem
1588 1859 1611 1890 ,
1649 1803 1855 1878 etiam
1900 1804 1975 1879 in
2016 1804 2235 1903 ipsius
2270 1805 2414 1881 vita
2431 1864 2450 1895 ,
2485 1804 2801 1881 moribus-
2819 1864 2840 1895 ,
2881 1806 3114 1881 indole
3135 1866 3154 1895 ,
3188 1808 3630 1905 conspicuam

562 1926 783 2003 fuisse
804 1984 825 2013 ,
890 1950 969 2000 ac
1029 1924 1362 2024 pietatem
1384 1980 1405 2013 ,
1476 1948 1617 2021 qua
1678 1923 1781 1997 vir
1834 1924 2141 2023 optimus
2194 1925 2487 2015 claruit,
2547 1926 2757 2005 talem
2821 1927 3200 2003 redoluisse
3252 1928 3582 2026 pietatem
3608 1984 3629 2012 ,

563 2046 847 2147 qualem
906 2046 979 2121 in
1045 2044 1132 2119 V.
1180 2045 1261 2121 F.
1328 2043 1605 2121 eximiis
1662 2044 2002 2144 exemplis
2065 2046 2448 2144 suspicere,
2520 2046 2828 2123 venerari
2845 2106 2865 2135 ,
2930 2047 3256 2123 admirari
3305 2046 3630 2123 solemne.

562 2166 779 2247 Quod
851 2172 1085 2241 tamen
1152 2165 1255 2239 ita
1314 2164 1529 2241 nolite
1590 2164 2067 2265 interpretari,
2138 2166 2337 2264 quasi
2398 2190 2988 2243 eaonunwoumo
3047 2167 3268 2243 virtus
3321 2192 3402 2243 ac
3457 2165 3636 2239 fides

558 2286 987 2385 Euangelica
1056 2284 1407 2359 defuerint
1423 2343 1443 2373 ,
1516 2308 1695 2383 quas
1759 2286 1899 2363 vita
1968 2286 2119 2360 eius
2186 2299 2257 2365 et
2316 2312 2502 2361 mors
2522 2345 2543 2376 ,
2611 2288 2948 2385 patientia
3005 2298 3077 2363 et
3125 2286 3590 2386 tranquillitas
3612 2328 3636 2359 2

562 2406 929 2483 ditissimis
978 2405 1191 2482 etiam
1239 2404 1315 2479 in
1364 2404 1917 2495 calamitatibuS,
1966 2406 2109 2483 alta
2163 2406 2380 2481 veluti
2433 2414 2596 2485 voce
2655 2414 2944 2483 testatae
3005 2416 3192 2483 sunt.
3297 2406 3636 2481 Omnium

562 2536 869 2603 vestrum
933 2550 1279 2604 consensu
1340 2525 1417 2601 in
1481 2526 1706 2611 virum
1788 2526 1993 2603 illum
2067 2552 2410 2627 perquam
2475 2527 2932 2603 venerabilem
2949 2587 2972 2615 ,
3043 2528 3246 2603 cuius
3306 2526 3640 2601 memoria

561 2648 753 2723 haud
810 2645 1011 2723 facile
1076 2647 1151 2721 in
1219 2645 1639 2723 oblivionem
1696 2646 1961 2737 abibit,
2028 2656 2365 2747 tanquam
2417 2646 3066 2745 eloquentissimum
3113 2645 3594 2722 testimonium
3614 2702 3637 2730 ,

562 2766 691 2841 hoc
746 2766 841 2840 N.
900 2766 983 2840 F.
1041 2762 1333 2839 effatum
1396 2765 1659 2863 optime
1722 2764 2055 2863 quadrat:
2134 2794 2170 2835 n
2194 2768 2319 2841 ὅτι
2385 2760 2482 2858 ἦν
2523 2766 2714 2867 ἀνὴρ
2772 2766 3088 2867 ἀγαθὸς
3155 2768 3300 2843 καὶ
3366 2766 3636 2864 πλήρης

564 2888 1001 2984 πνεύματος
1050 2886 1287 2989 ἁγίου
1326 2888 1469 2963 καὶ
1513 2888 1841 2972 πίστεως
1888 2888 1977 2979 ⁰).

660 3008 785 3084 Ad
836 3029 1409 3084 enomswonnn
1426 3065 1448 3097 ,
1495 3007 1925 3108 integerrimi
1974 3012 2345 3108 parentum
2390 3006 2634 3096 amici,
2685 3006 3048 3106 exsequias
3093 3004 3642 3082 cohonestandas

562 3130 690 3206 filii
752 3130 971 3208 etiam
1040 3129 1415 3206 laborantis
1480 3137 1693 3230 atque
1754 3131 2177 3229 aegrotantis
2242 3153 2588 3206 Bnaesua
2655 3129 2944 3206 aderant
2961 3187 2982 3217 ,
3052 3129 3257 3228 plane
3306 3128 3525 3204 ’nescii
3570 3151 3644 3202 se

564 3259 728 3350 post
787 3273 1173 3350 paucorum
1232 3249 1509 3328 dierum
1578 3250 2019 3352 intervallum
2074 3247 2424 3328 redituros
2468 3274 2620 3326 esse
2637 3307 2658 3338 ,
2727 3257 2812 3324 ut
2865 3257 3154 3348 paterno
3207 3273 3488 3347 quoque
3531 3247 3644 3322 fu·

564 3371 713 3448 neri
758 3369 947 3448 iusta
996 3371 1355 3450 solverent.

660 3493 1083 3570 Consanus
1130 3511 1895 3568 Analanns·snaesua
1918 3549 1938 3578 ,
2006 3489 2687 3568 Leovardia-Frisius
2705 3547 2728 3578 ,
2779 3487 2914 3562 sub
2966 3487 3180 3562 finem
3222 3487 3634 3586 praeceden-
3748 3574 3760 3598 -.

568 3613 741 3705 tia'2)
790 3611 1051 3690 saeculi
1096 3619 1347 3701 natus,
1396 3611 1956 3688 adolescenmlus
1999 3611 2231 3688 adhuc
2272 3609 2681 3709 parentibus
2727 3608 3014 3685 orbatus
3063 3616 3170 3684 eat
3193 3664 3214 3695 ,
3263 3606 3636 3706 studiaque
3691 3613 3700 3623 '

570 3757 701 3810 sua
716 3789 742 3819 ,
786 3757 965 3831 quae
1002 3733 1486 3832 Franequerae
1534 3731 2016 3820 inchoaverat,
2066 3731 2137 3806 in
2190 3731 2318 3806 hac
2362 3737 2598 3806 nostra
2641 3728 3020 3808 Academia
3063 3727 3378 3806 absolvit.
3455 3726 3636 3802 Inde

570 3879 615 3928 a.
672 3852 909 3952 pueris
972 3853 1117 3928 fere
1164 3852 1621 3951 PhJsioarum
1668 3852 2187 3952 disciplinarum
2204 3908 2224 3939 ,
2286 3851 2590 3927 maxime
2638 3873 2796 3924 vero
2844 3848 3176 3927 Chemiae
3221 3873 3304 3924 ae
3347 3846 3634 3922 Botani-

570 3997 726 4062 css-‚
790 3995 1025 4050 amore
1088 3973 1407 4051 imbutus
1470 3981 1619 4050 erat
1634 4008 1653 4062 3
1720 3975 1795 4050 iu
1848 3973 2109 4071 quibus
2150 3980 2297 4046 tam
2344 3969 2578 4050 felices
2617 3970 2922 4068 optimae
2961 3969 3112 4068 spei
3157 3969 3428 4044 iuvenis
3471 3968 3638 4044 fecit

570 4117 971 4192 progressus
996 4151 1019 4182 ,
1084 4101 1169 4170 ut
1226 4092 1491 4200 iteratis
1554 4093 1825 4168 vicibus
1839 4151 1863 4182 ,
1927 4091 2279 4191 proposito
2348 4089 2726 4166 certamine
2784 4090 3116 4168 litterario
3135 4147 3156 4178 ,
3221 4089 3295 4162 in
3353 4111 3636 4166 arenam

572 4215 1019 4292 descenderet
1038 4273 1059 4304 ,
1107 4239 1187 4290 ac
1232 4223 1339 4290 ter
1356 4273 1377 4304 ,
1428 4215 1661 4292 laurea
1713 4221 2079 4292 coronatus
2122 4214 2187 4305 8)
2210 4268 2231 4299 ,
2292 4211 2509 4288 victor
2551 4209 2952 4286 discederet.
3051 4208 3448 4285 Medicinae
3507 4207 3628 4280 do-

571 4343 715 4412 ctos·
784 4343 1059 4412 creatus
1082 4335 1147 4428 ⁹)
1220 4335 1507 4415 Hornae
1576 4335 1651 4410 in
1724 4334 1979 4410 Hollan
1987 4333 2105 4409 dia
2170 4329 2705 4430 Septentrionali
2755 4328 3181 4406 domicilium
3229 4325 3627 4411 collocavit,

570 4479 733 4534 mox
776 4479 939 4532 vem
979 4455 1361 4532 Academia
1398 4456 1847 4534 Gandavensi
1889 4453 2305 4530 meessosis
2354 4449 2876 4528 extraordinarii
2919 4448 3202 4524 titulum
3245 4471 3328 4522 ac
3370 4465 3630 4520 munus

572 4576 899 4661 offerente
916 4634 940 4665 ,
1012 4575 1251 4654 sedem
1314 4576 1651 4666 mutavit,
1712 4600 2019 4674 cumque
2068 4573 2330 4652 familia
2385 4573 2458 4646 in
2507 4570 2836 4670 Belgium
2886 4566 3226 4666 migravit.
3325 4563 3470 4642 Hic
3531 4561 3624 4636 le-

574 4697 833 4776 ctiones
878 4695 971 4775 de
1012 4696 1305 4774 Chemia
1348 4721 1511 4776 cum
1558 4695 1901 4776 Technica
1942 4693 2313 4773 coniuncta
2332 4752 2353 4782 ,
2403 4715 2632 4771 coram
2681 4686 3098 4766 Academiae
3121 4683 3388 4762 civibus
3414 4689 3628 4782 atque

576 4818 830 4896 exteris
848 4875 876 4908 ,
922 4815 1303 4904 multorum
1350 4817 1693 4918 applausu
1736 4820 2051 4914 acceptas
2071 4871 2095 4904 ,
2142 4812 2410 4890 habuit.
2485 4811 2650 4908 Ipsa
2699 4829 2980 4906 quoque
3021 4803 3398 4885 Academia
3437 4804 3632 4880 Gan-
