4730 6049
1179 1301 1644 1366 sommum
1687 1298 2470 1363 mannito-mnus
2512 1297 3009 1370 coenosas,
3051 1299 3223 1360 vm
3262 1297 3746 1363 Ausus-nm

1177 1429 1324 1492 om
1361 1427 1498 1490 ms
1535 1427 1642 1490 AB
1683 1425 1911 1488 Acus
1951 1425 2074 1498 ns,
2116 1423 2258 1485 vm
2297 1385 2953 1486 consunnssmai
3664 1405 3667 1410 ’

1175 1549 1494 1616 Bactros
1530 1551 2012 1626 mammon,
2041 1549 2581 1613 -canmsmoun
2622 1547 2935 1612 An'rnm
2974 1549 3074 1612 Ac
3116 1549 3747 1612 mscrpmunuu

1251 1653 1824 1730 morassOBES,
1863 1653 2036 1716 vm
2073 1651 2551 1716 cmmssnffl

1172 1782 1318 1845 QUI
1369 1781 1544 1843 mm
1597 1777 1958 1842 DICUNDO
2017 1781 2120 1840 ΕΤ
2174 1779 2535 1842 CIVITATI
2584 1777 3021 1839 REGUNDAE
3077 1779 3531 1853 PRAEESTIS,
3572 1779 3744 1842 VIBI

1245 1879 1896 1956 PRUDENTlssnss,
1940 1881 2559 1946 STPECTATISSIMI!

1171 2005 1416 2066 VERBI
1452 2004 1718 2066 DIVINI
1754 2005 1848 2067 IN
1849 2005 2300 2068 TERPRETBS
2337 2003 2767 2067 PLURIMUM
2806 2005 3307 2070 VENERANDI!

1172 2131 1488 2193 Annum
1558 2131 1662 2192 Ac
1737 2129 2364 2194 mscn’muaum
2424 2097 2841 2194 noc‘ronns
2902 2131 3474 2207 naun1zr1ss1m,
3536 2132 3745 2195 Pam-

1247 2235 1570 2299 nestum

1171 2361 1640 2424 AOADEMIAE
1681 2359 1910 2420 elvns
1926 2404 1942 2432 ,
1983 2359 2331 2420 IUVENES
2370 2359 3105 2421 PRAESTANTISSIMII

1169 2484 1736 2548 CUIUSCUNQUE
1777 2485 2140 2548 DENIQUE
2179 2485 2371 2547 Locl
2408 2485 2566 2547 VEL
2607 2483 2932 2547 ORDINIS
2973 2485 3113 2548 1110
3156 2484 3515 2560 ADESTIQ

1415 2723 1867 2787 AUDITORES
1906 2721 2480 2784 HUMANISSIMI!

765 3276 910 3349 Est
955 3274 1122 3351 haec
1173 3281 1567 3375 temporum
1619 3276 1949 3353 continua
1997 3279 2296 3354 mutatio
2343 3287 2415 3353 et
2466 3275 2871 3378 opinionum
2925 3275 3385 3351 inconstantia
3435 3282 3515 3349 ut
3556 3298 3737 3373 quae

653 3394 884 3471 hodie
945 3417 1186 3471 omnes
1243 3395 1387 3471 fere
1439 3405 1851 3473 venerentur
1901 3407 1972 3473 et
2021 3399 2360 3474 honorent
2411 3399 2731 3475 instituta
2746 3458 2769 3487 ,
2818 3422 2966 3474 cras
3010 3398 3085 3471 in
3134 3402 3563 3471 contemtum
3608 3394 3735 3471 de·-

659 3512 822 3590 labi
861 3522 935 3589 et
975 3514 1136 3589 odio
1173 3514 1414 3592 haberi
1453 3516 1686 3593 videas
1696 3552 1717 3608 ;
1769 3542 2032 3619 quaeve
2072 3518 2280 3593 hodie
2321 3519 2757 3619 perspicuam
2800 3516 3127 3593 omnibus
3170 3516 3527 3593 veritatem
3568 3539 3737 3591 con·

659 3634 894 3709 tinere
955 3641 1170 3734 atque
1225 3644 1421 3711 extra
1469 3660 1744 3713 omnem
1795 3637 2304 3714 dubitationem
2349 3640 2581 3739 posita
2634 3664 2785 3713 esse
2835 3638 3195 3726 videntur,
3244 3662 3395 3711 cras
3440 3636 3731 3712 difficul-

659 3753 937 3829 tatibus
980 3756 1186 3855 plena
1224 3757 1366 3833 sint
1407 3756 1518 3833 vel
1561 3757 1978 3835 indubitatis
2025 3767 2334 3835 scateant
2383 3759 2747 3835 erroribus.

770 3874 1110 3975 Cogitetis
1127 3936 1148 3967 ‚
1227 3902 1487 3977 quaeso
1508 3936 1528 3966 ,
1597 3878 1685 3953 A.
1736 3876 1813 3951 H
1817 3880 1872 3953 ,Ξ
1948 3878 2136 3978 leges
2199 3877 2459 3978 quibus
2528 3878 2839 3977 regimur
2896 3876 3353 3953 Academicae
3410 3876 3585 3975 quid
3642 3877 3732 3953 de

659 3993 950 4094 linguae
1007 3996 1262 4074 latinae
1317 3998 1832 4097 latinarumque
1881 3997 2268 4074 litterarum
2313 4024 2450 4074 usu
2501 4024 2582 4075 ac
2630 3998 2863 4073 studio
2882 4056 2903 4086 ‚
2954 3996 3289 4073 omnibus
3336 3996 3731 4074 adsentien-

659 4112 862 4190 tibus
881 4174 902 4205 ‚
973 4118 1344 4195 statuerint
1362 4178 1384 4209 ,
1451 4142 1774 4219 quaeque
1845 4118 2050 4195 hodie
2113 4120 2242 4195 bac
2307 4119 2395 4194 de
2458 4144 2535 4194 re
2603 4118 2743 4193 sint
2802 4118 3165 4193 doctorum
3224 4117 3529 4192 virorum
3582 4117 3731 4227 opi-

657 4233 944 4311 niones!
2139 4311 2146 4319 .

765 4356 1018 4457 Itaque
1073 4382 1295 4459 quum
1359 4368 1630 4435 constet
1683 4384 1892 4433 usum
1953 4358 2233 4459 linguae
2293 4360 2549 4435 latinae
2600 4360 2673 4434 in
2724 4357 3124 4433 Academiis
3172 4358 3425 4431 nostris
3472 4356 3727 4430 multo-

657 4500 829 4551 rum
891 4477 1120 4555 favore
1179 4477 1518 4555 excidisse
1537 4535 1556 4568 ,
1627 4478 1716 4553 d‘e
1757 4478 1876 4553 illo
1921 4478 2120 4577 queri
2167 4478 2357 4554 baud
2401 4502 2659 4579 paucos
2677 4536 2698 4568 ‚
2748 4475 3339 4553 conclamantibus
3388 4472 3685 4549 indoctis
3704 4531 3725 4563 ,

655 4594 896 4695 deque
973 4598 1193 4699 ipsius
1254 4596 1536 4699 linguae
1609 4606 1680 4673 et
1753 4598 2165 4697 scriptorum
2223 4598 2599 4673 latinorum
2658 4597 2877 4672 studii
2936 4596 3343 4671 necessitate
3405 4591 3727 4667 dubitare

647 4714 1004 4816 plurimos
1022 4776 1042 4807 ,
1091 4719 1192 4795 ita
1221 4720 1506 4821 quidem
1557 4727 1672 4809 ut,
1723 4719 1784 4793 si
1829 4718 1952 4817 qui
1993 4718 2222 4794 adhuc
2271 4718 2413 4794 sint
2430 4777 2450 4808 ,
2501 4718 2659 4818 qui,
2708 4715 3024 4817 quamvis
3068 4714 3141 4788 in
3182 4713 3431 4789 harum
3460 4712 3719 4787 littera-

597 4866 606 4873 ·
645 4858 824 4909 rum
871 4836 1106 4911 studio
1151 4838 1326 4914 vitae
1373 4838 1898 4951 tabernaculum
1939 4862 2077 4913 non
2121 4839 2518 4939 posuerint,
2566 4838 2672 4912 vel
2718 4839 2814 4911 sic
2864 4844 3099 4909 tamen
3142 4832 3243 4907 illi
3286 4831 3597 4921 faveant,
3645 4832 3723 4907 hi
