4730 6049
1128 634 1258 703 128
2309 632 2386 703 Β.
2455 630 2658 699 TER
2728 630 3024 698 HAAR

1132 844 1451 919 davensis
1502 843 1850 919 ‘nostratis
1919 840 2163 916 merita
2226 841 2315 915 de
2363 840 2722 915 Industria
2765 840 3081 942 populari
3135 838 3315 915 tanti
3367 840 3797 930 aestimavit,
3871 848 3952 916 ut
3993 841 4187 917 illum

1126 966 1529 1041 Matheseos
1594 973 1666 1039 et
1726 962 2211 1063 Philosophiae
2280 961 2614 1037 naturalis
2685 962 3056 1037 Doctorem
3117 961 3395 1037 honoris
3441 986 3686 1037 caussa
3733 963 4183 1039 renunciaret.

1130 1085 1387 1161 Turbis
1434 1092 1667 1160 autem
1726 1082 2024 1185 politicis
2043 1141 2063 1173 ‚
2128 1106 2306 1181 quae
2352 1082 2652 1158 schisma
2698 1082 3025 1183 Belgium
3077 1081 3260 1157 inter
3307 1107 3389 1157 ac
3441 1082 3935 1158 Neerlandiam
3983 1108 4184 1183 pepe-

1130 1230 1279 1282 rere
1302 1264 1324 1296 ,
1387 1204 1639 1280 exortis
1658 1264 1678 1294 ‚
1744 1205 1817 1279 in
1871 1204 2167 1303 patriam
2222 1204 2448 1277 redire
2497 1211 2775 1279 coactus
2789 1261 2810 1292 ,
2861 1210 2933 1277 et
2978 1201 3324 1277 Facultati
3370 1203 3770 1281 Matheseos
3820 1230 3901 1280 ac
3944 1205 4182 1303 Physi-

1128 1354 1245 1405 ces
1307 1328 1383 1401 in
1446 1334 1683 1401 nostra
1746 1324 2129 1401 Academia
2198 1324 2571 1399 adiunctus
2635 1331 2762 1398 est.
2885 1321 3102 1398 Nulla
3167 1329 3404 1398 autem
3441 1322 3759 1400 'vacante
3821 1324 4145 1401 cathedra
4163 1384 4182 1414 ,

1125 1449 1321 1524 nulla
1368 1472 1646 1549 quoque
1695 1446 2153 1523 institutionis
2196 1446 2654 1521 Academicae
2705 1443 3056 1546 provincia
3097 1442 3200 1517 illi
3247 1442 3652 1523 demandari
3703 1446 3956 1545 potuit.
4040 1446 4183 1521 Nec

1126 1580 1363 1647 tamen
1426 1593 1552 1668 per
1603 1566 1779 1644 illud
1827 1567 2005 1642 vitae
2057 1566 2362 1642 stadium
2417 1568 2717 1641 otiosum
2735 1625 2755 1657 ‚
2823 1566 2947 1641 sed
2993 1564 3254 1640 utiliter
3299 1564 3738 1664 negotiosum
3789 1590 3866 1640 se
3904 1566 4180 1665 praesti-

1126 1691 1214 1764 tit
1229 1724 1248 1778 3
1319 1688 1427 1763 uti
1486 1711 1698 1787 quam
1763 1686 2063 1761 maxime
2129 1686 2533 1762 institutum
2599 1686 2778 1762 illud
2845 1686 3236 1761 beneficum
3303 1694 3601 1761 testatur
3621 1744 3642 1777 ,
3709 1712 3850 1786 quo
3911 1687 4186 1764 hiemali

1125 1822 1438 1909 tempore
1492 1808 2001 1882 nutrimentum
2071 1806 2460 1893 iucundum
2530 1832 2610 1882 ac
2674 1806 2950 1881 salubre
3009 1807 3245 1905 egenis
3294 1807 3788 1907 porrigendum
3833 1832 3914 1883 ao
3956 1807 4182 1883 distri-

1124 1929 1487 2005 buendum
1537 1926 1839 2015 curavit3
1889 1926 2090 2001 cuius
2136 1927 2244 2001 uti
2297 1935 2536 2002 auctor
2583 1926 2978 2015 exstiterat,
3025 1927 3127 2001 ita
3172 1927 3263 2001 ad
3306 1926 3486 2001 vitae
3541 1950 3766 2025 usque
3811 1927 4181 2004 terminum

1122 2056 1456 2149 patronus
1518 2074 1599 2123 ac
1648 2048 1876 2122 fautor
1920 2047 2321 2146 permansit.
2421 2048 2592 2124 Post
2633 2047 2850 2123 trium
2897 2070 3238 2122 annorum
3287 2046 3589 2147 spatium
3611 2105 3632 2138 ,
3700 2070 3968 2123 xors1o
4013 2050 4179 2125 rude

1124 2171 1382 2245 donato
1422 2167 1755 2243 suffectus
1778 2225 1798 2255 ,
1865 2166 2194 2266 regioque
2242 2168 2517 2243 decreto
2559 2168 2845 2243 tandem
2892 2168 3261 2244 Botanices
3305 2174 3376 2242 et
3433 2168 3896 2244 Oeconomiae
3941 2170 4180 2244 ruralis

1120 2289 1477 2366 Professor
1540 2287 1926 2363 ordinarius
1974 2288 2421 2363 renunciatus
2469 2295 2598 2364 est.
2648 2332 2753 2350 —-
2797 2290 3161 2364 Banasam
3211 2288 3314 2363 vir
3355 2298 3502 2364 erat
3551 2288 3836 2388 practici
3881 2289 4140 2389 ingenii
4157 2348 4178 2380 ‚

1121 2420 1285 2487 ante
1352 2409 1587 2485 omnia
1637 2407 1713 2482 id
1768 2432 1983 2507 agens
2028 2415 2110 2482 ut
2162 2409 2479 2508 egregios
2525 2434 2606 2485 ac
2647 2409 2852 2508 plane
2875 2409 3219 2485 'mirificos
3266 2434 3673 2509 progressus
3691 2468 3711 2500 ‚
3781 2434 3958 2509 quos
4007 2410 4176 2485 Che-

1118 2532 1334 2605 mices
1398 2542 1479 2607 ac
1543 2528 1920 2604 Technices
1986 2528 2274 2603 scientia
2336 2530 2468 2604 hac
2525 2537 2762 2605 nostra
2807 2536 3033 2605 aetate
3085 2554 3212 2605 suo
3261 2530 3412 2605 iure
3453 2530 3663 2605 iactat
3679 2588 3700 2619 ‚
3769 2530 3846 2605 in
3895 2530 4178 2630 agricul-

1116 2660 1315 2727 turae
1358 2676 1440 2726 ac
1480 2650 1857 2725 Technices
1900 2649 2151 2724 ruralis
2194 2657 2622 2725 converteret
2665 2675 2874 2726 usum
2903 2652 3024 2742 ¹⁰).
3111 2652 3362 2750 Neque
3412 2674 3764 2749 unquam,
3813 2658 4182 2750 postquam

1116 2772 1330 2846 Horti
1374 2770 1696 2847 Botanici
1745 2794 1985 2845 curam
2038 2769 2115 2843 in
2162 2794 2236 2844 se
2286 2779 2724 2869 susceperat,
2792 2772 3026 2872 ipsum
3073 2771 3600 2847 consulentibus
3645 2770 3871 2845 defuit
3885 2804 3906 2860 ;
3963 2770 4064 2845 ita
4103 2778 4179 2845 ut

1116 2890 1393 2966 difficile
1462 2891 1553 2964 sit
1612 2890 1807 2964 dictu
1821 2948 1842 2977 ,
1913 2894 2338 2989 quantopere
2402 2890 2534 2965 hoc
2600 2891 2882 2967 nomine
2904 2951 2925 2981 ,
2974 2899 3249 2967 nostrae
3302 2892 3503 2981 urbi,
3553 2890 3862 2991 regioni,
3927 2890 4178 2991 patriae

1114 3010 1471 3112 profuerit.
1596 3012 1737 3099 At,
1808 3009 1970 3084 licet
2030 3008 2184 3085 aliis
2244 3037 2528 3111 quoque
2594 3010 2977 3112 disciplinis
3043 3018 3114 3088 et
3178 3013 3446 3089 artibus
3516 3037 3798 3112 operam
3859 3018 4142 3088 navaret
4159 3071 4179 3102 ,

1114 3133 1388 3206 Hortus
1432 3139 1663 3206 tamen
1711 3129 2091 3206 Botanicus
2109 3189 2129 3221 ‚
2198 3131 2290 3205 ad
2354 3127 2744 3207 extremum
2797 3157 3021 3232 usque
3073 3133 3252 3209 vitae
3299 3133 3489 3209 diem
3506 3192 3529 3223 ,
3599 3157 4036 3234 summopere
4081 3133 4182 3209 illi

1115 3254 1190 3328 in
1240 3251 1503 3326 deliciis
1550 3275 1895 3350 curaeque
1946 3250 2275 3351 cordique
2318 3251 2475 3329 fuit.
2557 3254 2919 3328 Balissus
2963 3263 3206 3354 vegeto
3247 3281 3332 3330 ac
3369 3253 3536 3330 satis
3575 3254 3865 3330 robusto
3903 3277 4180 3354 corpore

1111 3373 1471 3475 praeditus
1488 3431 1511 3462 ,
1558 3397 1683 3472 per
1727 3397 2007 3448 omnem
2050 3371 2192 3447 fere
2239 3371 2454 3447 vitam
2496 3372 2788 3450 infracta
2831 3373 3378 3474 inconcussaque
3440 3373 3833 3449 veletudine
3897 3373 4181 3475 gavisus

1112 3502 1295 3582 erat;
1346 3494 1446 3569 ita
1491 3493 1776 3593 quidem
1830 3500 1950 3581 ut,
2002 3493 2061 3568 si
2108 3492 2196 3568 de
2243 3493 2387 3569 ullo
2435 3493 2834 3569 mortalium
2886 3494 3023 3569 tale
3071 3495 3244 3594 quid
3296 3520 3567 3594 sperare
3609 3495 3884 3584 liceret,
3933 3494 4024 3569 de
4065 3494 4181 3570 illo

1113 3612 1471 3715 probabile
1528 3612 1755 3688 visum
1816 3611 2099 3702 fuisset,
2163 3612 2308 3688 fore
2375 3621 2458 3687 ut
2513 3615 3005 3712 provectiorem
3076 3603 3501 3691 senectutem
3547 3607 3942 3716 attingeret.
4043 3615 4180 3690 Sed

1114 3734 1313 3810 aliter
1370 3733 1590 3808 voluit
1657 3758 1737 3807 ac
1801 3730 2100 3806 decrevit
2164 3732 2422 3808 Divina
2487 3734 2829 3810 voluntas.
2945 3736 3170 3811 Lento
3188 3793 3210 3825 ,
3271 3743 3347 3812 at
3388 3737 3893 3836 ingravescenti
3939 3735 4176 3812 morbo

1114 3853 1576 3932 succumbens
1594 3910 1615 3943 ,
1664 3853 1951 3952 coniugi
1970 3912 1990 3942 ‚
2041 3852 2275 3928 liberis
2322 3855 2704 3953 multisque
2749 3855 2901 3930 aliis
2944 3855 3196 3931 flebilis
3242 3856 3358 3931 ille
3397 3857 3670 3933 occidit.
3745 3856 3902 3932 Etsi
3943 3864 4176 3932 autem

1114 3976 1291 4052 mira
1338 3973 1639 4072 quadam
1688 3973 2077 4048 constantia
2125 3998 2206 4048 ac
2253 3974 2589 4074 singulari
2606 4034 2626 4064 ‚
2679 4001 2859 4074 quae
2909 3975 3010 4050 illi
3056 3976 3319 4065 inerat,
3379 3977 3754 4053 voluntatis
3798 3980 4132 4079 ἐνεργείᾳ
4148 4027 4174 4071 ,

1120 4093 1460 4196 quamdiu
1524 4091 1791 4191 potuit,
1865 4117 1954 4168 ne
2021 4093 2433 4169 academicis
2495 4095 2639 4169 suis
2699 4095 3110 4171 lectionibus
3184 4123 3264 4172 ac
3334 4097 3758 4196 quotidianis
3825 4097 4176 4173 laboribus

1119 4217 1394 4292 deesset
1413 4272 1435 4304 ,
1483 4213 1647 4289 huic
1692 4212 1935 4287 morbo
1978 4212 2272 4301 restitit,
2324 4213 2422 4288 sic
2469 4239 2748 4314 quoque
2793 4215 3037 4293 eadem
3071 4217 3578 4316 perseverantia
3596 4277 3620 4308 ,
3669 4241 3850 4318 quae
3881 4219 3957 4292 in
4001 4217 4174 4292 votis

1118 4335 1462 4422 habebat,
1534 4331 1955 4432 simulatque
2000 4331 2120 4407 illa
2169 4332 2351 4410 bona
2397 4341 2469 4408 et
2513 4334 2711 4410 utilia
2752 4336 2896 4410 fore
2938 4336 3428 4428 intellexisset,
3496 4339 3823 4438 persequi
3869 4337 4132 4414 solebat
4151 4396 4174 4428 ‚

1120 4483 1201 4534 ac
1262 4454 1475 4532 nullis
1522 4453 1899 4529 obstaculis
1947 4479 1988 4528 a
2038 4453 2323 4530 consilio
2371 4456 2584 4530 semel
2633 4464 2835 4558 capto
2886 4457 3153 4533 avocari
3201 4483 3276 4534 se
3324 4483 3572 4558 passus
3621 4466 3746 4536 est.
3851 4458 4063 4538 Quod
4113 4451 4176 4534 si

1120 4577 1492 4655 nonnullos
1532 4574 1599 4650 ei
1642 4573 1957 4650 inimicos
2001 4575 2337 4666 reddidit,
2387 4576 2592 4677 longe
2631 4578 2866 4678 plures
2909 4604 3166 4678 eosque
3209 4581 3450 4680 magni
3487 4579 3686 4655 illum
3731 4578 4179 4656 aestimantes

1124 4699 1379 4776 amicos
1435 4695 1705 4773 habuit.
1823 4697 1919 4771 Et
1990 4719 2203 4797 quam
2273 4688 2586 4772 'sincerus
2647 4697 2914 4774 amicus
2973 4698 3212 4776 amicis
3225 4759 3246 4790 ,
3313 4724 3528 4800 quam
3571 4701 3894 4804 egregius
3949 4707 4180 4802 pater·

1120 4819 1417 4896 familias
1458 4815 1665 4893 fuerit
1682 4877 1703 4908 ,
1764 4843 1904 4894 non
1951 4825 2231 4896 tantum
2278 4819 2405 4894 filii
2421 4877 2441 4908 ,
2501 4817 2850 4918 optimum
2893 4829 3164 4920 patrem
3210 4821 3530 4922 lugentes
3547 4879 3568 4912 ,
3627 4829 3956 4920 paternae
4001 4820 4180 4897 edu-
