4730 6049
1091 674 1225 745 134
2275 674 2349 742 B.
2419 674 2620 741 TER
2687 673 2983 739 HAAR

1087 883 1349 961 mensis
1410 883 1735 960 Octobris
1753 943 1774 974 ,
1844 908 1985 983 quo
2047 883 2119 957 in
2192 882 2480 981 epulum
2545 888 2852 957 vestrum
2897 880 3194 955 officiose
3247 906 3290 956 a
3341 878 3535 955 vobis
3572 880 3878 971 invitati,
3928 882 4145 981 quod·

1084 1029 1367 1104 cunque
1413 1005 1679 1081 bonum
1726 1004 1892 1079 felix
1938 1003 2392 1101 faustumque
2438 1008 2585 1091 est,
2635 1001 2831 1077 vobis
2879 1001 3231 1100 apprecati
3277 1024 3544 1077 sumus.
3647 1000 3787 1075 Sed
3829 1024 4020 1076 nunc
4058 997 4140 1077 de

946 1119 954 1128 ‘
1084 1148 1375 1201 munere
1390 1184 1413 1215 ,
1460 1124 1708 1201 faustis
1752 1124 2079 1225 auspiciis
2124 1122 2448 1198 inchoato
2463 1182 2484 1213 ,
2533 1148 2616 1197 ac
2655 1146 2780 1221 per
2829 1121 3092 1221 aliquot
3135 1145 3418 1196 menses
3461 1120 3749 1197 feliciter
3795 1130 3994 1221 gesto
4011 1180 4031 1211 ‚
4075 1128 4164 1197 et·

1084 1245 1279 1320 vobis
1330 1254 1402 1340 et
1446 1244 1866 1321 Academiae
1910 1252 2185 1320 nostrae
2228 1242 2605 1344 gratulari3
2655 1268 2738 1319 ac
2783 1242 3040 1319 maiore
3095 1242 3306 1317 etiam
3359 1241 3512 1316 iure
3559 1265 3818 1341 magna
3867 1241 4142 1341 quaevis

1080 1392 1167 1442 ac
1209 1391 1536 1466 prospera
1597 1368 1671 1442 in
1721 1374 2077 1465 posterum
2124 1366 2213 1441 de
2263 1365 2460 1441 vobis
2507 1372 2872 1463 vestraque
2933 1362 3370 1437 Professione
3426 1386 3699 1463 sperare
3745 1368 3834 1436 et
3867 1386 4142 1461 exspec7

1080 1495 1229 1563 tare
1279 1487 1479 1576 licet,
1530 1510 1743 1586 quam
1786 1510 1981 1586 spem
2028 1494 2099 1562 et
2146 1486 2732 1585 exspectationem
2783 1484 2974 1560 haud
3015 1478 3280 1561 irritam
3333 1482 3478 1557 fore
3531 1481 3826 1558 confido.
3927 1481 4158 1558 Vobis.

1078 1616 1316 1683 autem
1336 1666 1357 1697 ,
1416 1608 1569 1682 Viri
1620 1607 2019 1683 clarissimi-l
2086 1608 2187 1681 ita
2228 1613 2466 1706 parcat
2511 1630 2594 1683 ac
2635 1606 2864 1681 faveat
2919 1605 3302 1703 vestrisque
3355 1603 3710 1679 laboribus
3763 1626 3846 1677 ac
3895 1603 4140 1679 studiis

1074 1728 1507 1804 obsecundet
1564 1728 1823 1802 Divina
1886 1727 2328 1803 Providentia
2346 1786 2368 1818 ‚
2441 1734 2526 1801 ut
2593 1726 2742 1801 dies
2814 1725 2931 1800 ille
3002 1725 3227 1799 festus
3268 1748 3348 1799 ac
3403 1722 3665 1811 laetus,
3715 1746 3860 1821 quo
3912 1722 4132 1813 vobis,

1072 1848 1665 1948 Praeceptoribus·
1713 1848 1861 1923 suis
1921 1873 2001 1923 ac
2061 1848 2361 1923 ducibus
2381 1906 2402 1937 ,
2465 1872 2722 1947 magno
2785 1870 2950 1922 cum
3021 1845 3369 1947 applausu
3418 1843 3890 1919 acclamarunt
3930 1842 4134 1919 huius

1074 1969 1497 2045 Academiae
1545 1968 1812 2057 alumni
1821 1974 1851 2056 ',
1900 1968 1975 2043 in
2022 1976 2438 2067 perpetuum
2487 1967 2954 2044 memorabilis
3003 1965 3337 2041 reddatur
3381 1989 3463 2040 ac
3509 1965 3830 2040 sanctus!

1170 2089 1327 2162 Iam
1376 2094 1675 2163 exeunte
1724 2110 1962 2162 mense
2003 2085 2188 2161 Iulio
2206 2145 2227 2174 ,
2276 2086 2656 2161 clarissimo
2699 2108 3172 2174 sunnmAnno,
3223 2084 3522 2159 Senatus
3563 2084 3781 2158 nostri
3823 2083 4136 2173 Nestori,

1072 2206 1443 2307 singularis
1488 2207 1874 2306 contigerat
1919 2206 2211 2281 felicitas
2254 2206 2920 2307 quinquagesimum
2938 2264 2960 2295 ,
3011 2213 3384 2305 postquam
3436 2190 3832 2279 Medicinae
3881 2204 4139 2280 Doctcr

1064 2335 1341 2405 creatus
1369 2335 1553 2415 erat,
1584 2326 1771 2403 diem
1799 2326 2345 2403 anniversarium
2389 2326 2807 2403 celebrandi.
2911 2327 3064 2402 Nec
3109 2326 3474 2401 defuerant
3513 2333 3684 2400 tunc
3724 2325 4131 2416 Curatores,

1068 2450 1469 2535 Senatores,
1518 2446 1813 2521 aliorum
1854 2445 2301 2545 collegiorum
2350 2445 2518 2522 socii
2557 2450 2632 2520 et
2668 2444 2910 2534 amici,
2960 2445 3244 2521 Medico
3283 2444 3912 2547 experientissimo,
3967 2445 4138 2521 cele-

1064 2568 1367 2643 berrimo
1423 2566 2005 2667 congratulantes.
2109 2567 2325 2663 Quod
2387 2566 2614 2641 maius
2682 2573 2829 2653 est,
2902 2564 3056 2641 Rex
3125 2566 3276 2665 ipse
3295 2624 3316 2655 ,
3384 2565 3640 2641 eximia
3709 2586 4140 2641 susanam

1062 2688 1312 2763 merita
1355 2710 1770 2788 agnoscens,
1821 2687 2349 2762 meritissimum
2395 2700 2633 2763 senem
2680 2685 2966 2761 Ordinis
2983 2744 3006 2774 ,
3059 2686 3184 2784 qui
3231 2712 3274 2761 a
3324 2708 3618 2784 quercea
3667 2708 3922 2761 corona
3975 2686 4136 2761 dici-

1058 2817 1209 2898 tur,
1258 2807 1671 2885 Decurionis
1713 2807 2112 2907 insignibus
2152 2808 2758 2883 condecorandam
2807 2807 3096 2883 curavit.
3201 2807 3342 2881 Sed
3391 2806 3734 2881 solennior
3773 2832 3856 2881 ac
3897 2806 4142 2897 laetior

1058 2930 1273 3004 etiam
1326 2927 1931 3029 appropinquabat
1986 2927 2169 3017 dies,
2236 2952 2466 3003 nonus
2515 2928 2776 3003 mensis
2822 2926 3151 3003 Octobris
3171 2984 3194 3019 ,
3243 2936 3562 3003 nostram
3601 2928 3676 3000 in
3725 2907 4138 3005 memoriam

1056 3073 1387 3126 revocans
1434 3071 1944 3125 sunauannuu
1960 3108 1983 3140 ,
2036 3057 2201 3125 ante
2246 3049 2489 3124 decem
2533 3051 2754 3128 lustra
2771 3107 2794 3139 ,
2847 3049 3246 3126 Medicinae
3290 3047 3786 3154 professionem
3831 3047 3908 3122 in
3955 3049 4136 3124 Aca·

1060 3169 1292 3244 demia
1358 3169 2180 3246 Gelro-Harderovicensi
2240 3169 2680 3270 auspicatum
2747 3193 2902 3246 esse
2943 3170 3065 3264 1ὅ).
3167 3170 3402 3244 Cuius·
3447 3169 3609 3244 festi
3663 3177 3746 3243 ut
3789 3269 3794 3272 Ι
3806 3169 4132 3268 perennis

1056 3297 1577 3366 conservaretur
1614 3290 1947 3366 memoria
1964 3350 1985 3382 ,
2048 3291 2404 3366 numisma
2449 3315 2740 3366 aureum
2790 3289 3194 3366 cudendum
3241 3289 3543 3365 decrevit
3591 3289 3892 3364 Senatus
3909 3347 3933 3378 ,
3989 3287 4126 3390 sig-

1054 3417 1300 3486 natum
1349 3433 1781 3487 suranarmr
1829 3412 2089 3512 effigie,
2152 3435 2333 3509 quae
2396 3409 2506 3485 his
2562 3409 3240 3488 circumscriberetur
3287 3407 3551 3484 verbis:
3613 3409 4126 3486 Laborantibus

1038 3531 1505 3628 praesidium,
1553 3532 2045 3606 consulentibus
2094 3533 2315 3606 lumen
2350 3532 2472 3624 ¹⁶).
2573 3532 2785 3606 Festo
2855 3531 3074 3631 igitur
3135 3530 3249 3605 die
3309 3531 3600 3620 Rector,
3668 3528 4128 3630 Graphiarius

1052 3659 1125 3724 et
1171 3651 1611 3739 Assessores,
1660 3675 1704 3724 a
1753 3651 2019 3726 Senatu
2070 3648 2415 3752 delegati,
2483 3650 2822 3751 collegam
2886 3651 3572 3770 coniunctissimum,
3600 3651 3852 3766 patris
3904 3651 4130 3728 instar

1051 3769 1462 3858 colendum,
1530 3769 1883 3846 salutandi
1948 3771 2153 3906 eique
2226 3772 2757 3872 congratulandi
2816 3797 3061 3848 caussa
3115 3772 3480 3878 adierunt,
3531 3799 3612 3848 ac
3650 3773 3864 3858 simul
3907 3773 4124 3849 huius

1050 3889 1311 3962 decreti
1358 3888 1899 3979 documentum,
1949 3891 2265 3966 omnium
2314 3892 2718 3967 nominibus
2765 3893 3151 3983 sancitum,
3200 3894 3324 3969 obt
3332 3885 3606 3970 ulerunt
3634 3895 3756 3986 1⁷).
3859 3894 4122 3970 Memi.

1050 4005 1293 4097 nistis,
1362 4005 1515 4080 Viri
1574 4007 2025 4086 illustrissimi
2088 4017 2159 4084 et
2215 4010 2614 4088 clarissimi!
2691 4010 3150 4088 venerabilem
3214 4037 3451 4087 senem
3506 4011 3880 4112 postridie,
3951 4011 4123 4088 hora

1052 4125 1444 4228 vespertina
1486 4127 1643 4203 suis·
1676 4129 1751 4206 in
1795 4126 2122 4219 aedibus,
2168 4155 2402 4206 coram
2449 4155 2706 4231 magna
2755 4132 3190 4208 eruditorum
3237 4133 3541 4208 virorum
3593 4157 3883 4223 corona,
3943 4134 4117 4210 sub·-

1045 4247 1265 4324 missa
1326 4247 1617 4348 quidem
1630 4305 1651 4338 ,
1718 4257 1791 4324 at
1860 4249 2043 4325 clara
2102 4256 2174 4324 et
2234 4250 2565 4326 distincta
2626 4276 2790 4327 voce
2808 4309 2831 4341 ,
2899 4251 3044 4329 fata
3103 4277 3232 4330 sua
3287 4261 3722 4330 enarrantem
3737 4311 3759 4342 ,
3811 4275 4130 4330 ennnsu·

1045 4369 1517 4468 Praeceptoris
1580 4369 1691 4444 sui
1747 4395 1829 4446 ac
1892 4369 2237 4445 Mentoris
2298 4371 2546 4447 merita
2608 4379 2680 4447 et
2741 4373 3005 4448 monita
3058 4373 3174 4473 pia
3221 4373 3554 4449 memoria
3597 4373 4111 4464 celebrantem,
4093 4407 4109 4424 ·

1046 4490 1396 4591 quomodo
1454 4497 1563 4566 tot
1610 4497 1947 4626 tantaque
2004 4515 2129 4590 per
2185 4487 2470 4592 longam
2509 4472 2860 4568 sirincfflm
2919 4493 3162 4568 seriem
3224 4518 3552 4594 peragere
3593 4495 3942 4594 potuisset
3989 4519 4110 4570 ex-

1036 4611 1451 4711 plicantem3
1502 4611 1677 4745 quid
1716 4611 2075 4702 animum,
2126 4611 2589 4688 acerbissimis
2637 4609 2978 4719 cladibxgq,
2997 4613 3370 4704 afflictum,
3415 4614 3746 4692 erexisset
3789 4615 4108 4690 indican-

1036 4739 1223 4818 tem,
1272 4737 1485 4829 atque
1523 4730 1596 4806 in
1636 4731 1980 4808 omnibus
2008 4731 2392 4831 sapientem
2435 4758 2516 4808 ac
2555 4733 2935 4833 benignam
2976 4733 3274 4810 Divinae
3313 4735 3796 4811 Providentiae
3839 4734 4107 4835 guber-

1030 4847 1386 4924 nationem
1451 4849 1666 4925 veluti
1728 4849 1951 4953 digito
2012 4853 2622 4931 demonstrantem.
2728 4855 2940 4934 Quae
2986 4855 3319 4945 narratio,
3387 4879 3470 4931 ea
3527 4853 3976 4954 simplicitate
4028 4859 4105 4929 et
