4730 6049
1036 654 1165 721 116
2224 652 2299 722 Β.
2355 652 2562 719 TER
2630 651 2925 718 uAAR

1038 871 1159 939 tur
1184 865 1312 955 θ’).
1412 862 1573 937 Alia
1638 861 1789 936 aliis
1858 861 2145 937 certiora
2204 860 2424 935 videri
2485 867 2801 959 possunt.
2903 858 3198 959 Singula
3261 859 3565 933 examini
3629 859 3868 935 critico
3929 867 4096 935 sunt

1039 982 1487 1057 subiicienda.
1606 980 1810 1055 Idem
1868 980 2073 1079 plane
2132 977 2468 1053 iudicium
2542 978 2632 1051 de
2693 977 3022 1054 omnibus
3081 1004 3162 1053 ac
3227 978 3522 1079 singulis
3583 980 4100 1055 narrationibus

1040 1128 1189 1178 esse
1248 1099 1612 1176 ferendum
1675 1100 2115 1175 vehementer
2180 1123 2361 1197 nego
2407 1098 2534 1190 88).
2634 1099 2891 1173 Insunt
2951 1098 3102 1173 sine
3169 1098 3312 1173 ullo
3371 1099 3627 1188 dubio,
3678 1124 3900 1199 quae,
3955 1100 4098 1173 sive

1040 1222 1461 1321 accipiantur
1480 1280 1501 1310 ,
1560 1222 1702 1295 sive
1749 1220 2178 1308 reiiciantur,
2246 1218 2534 1292 minime
2593 1218 2808 1293 fidem
2875 1217 2984 1293 vel
3043 1218 3258 1293 vitam
3323 1216 3716 1319 religiosam
3781 1225 4098 1319 tangant.

1040 1343 1173 1419 Vel
1218 1342 1315 1417 sic
1359 1349 1593 1416 tamen
1646 1350 1717 1415 et
1771 1340 1939 1417 haec
1987 1340 2135 1414 sine
2202 1339 2347 1413 ullo
2409 1337 2669 1413 damno
2719 1338 2909 1412 reiici
2963 1363 3200 1437 posse,
3261 1340 3600 1413 affirmare
3673 1339 3788 1413 vix
3847 1338 4096 1414 ausim.

1038 1463 1303 1563 Negari
1356 1487 1519 1536 sane
1538 1519 1581 1569 ,κ
1620 1461 1856 1560 respui
1872 1519 1893 1549 ,
1956 1468 2297 1557 tanquam
2362 1458 2811 1533 semimortua
2861 1460 3162 1558 corporis
3221 1460 3534 1535 membra
3579 1458 3898 1536 abscindi
3941 1482 4098 1558 pos·

1042 1592 1242 1671 sunt,
1304 1581 1614 1682 ignorari
1679 1605 1873 1667 vero,
1941 1579 2155 1653 deleri
2220 1603 2361 1651 non
2429 1586 2723 1677 possunt
2740 1611 2759 1667 3
2820 1588 2892 1652 et
2935 1620 3034 1639 --
3084 1580 3280 1678 quod
3329 1580 3545 1679 probe
3594 1588 3961 1655 teneamus
4003 1616 4104 1637 --

1042 1704 1507 1803 quodcunque
1575 1702 1674 1775 sic
1734 1700 2043 1776 reiicitur
2110 1724 2249 1773 non
2306 1706 2588 1773 tantum
2645 1698 3148 1773 adminiculum
3209 1700 3374 1773 fidei
3431 1722 3584 1773 esse
3635 1699 3928 1787 desinit,
3979 1698 4106 1772 sed

1042 1824 1483 1899 obstaculum
1539 1823 1691 1896 fieri
1754 1828 2029 1921 potest,
2101 1820 2478 1918 quominus
2537 1820 2838 1894 credam.
2953 1819 3170 1898 Quod
3239 1844 3400 1894 cum
3473 1842 3746 1893 mecum
3813 1825 4102 1918 reputo,

1042 1947 1131 2020 A.
1185 1945 1312 2017 A.1
1376 1967 1517 2017 non
1581 1943 1747 2017 satis
1809 1940 2043 2016 mirari
2107 1963 2392 2039 possum
2447 1939 2926 2039 sagacissimos
2983 1964 3184 2039 saepe
3233 1939 3414 2013 viros
3433 1996 3453 2027 ,
3505 1938 3656 2013 sine
3713 1938 3858 2013 ullo
3911 1960 4102 2013 scru-

1045 2065 1212 2165 pulo
1273 2061 1657 2137 reiicientes
1717 2070 1788 2135 et
1849 2061 2370 2149 abscindentes,
2437 2061 2906 2159 quodcunque
2967 2060 3139 2160 ipsis
3191 2059 3543 2159 displicet,
3593 2057 3786 2133 haud
3831 2057 4062 2133 videre
4081 2116 4102 2146 ,

1045 2192 1273 2259 cetera
1325 2207 1604 2281 quoque
1624 2241 1645 2271 ,
1716 2207 1895 2281 quae
1958 2181 2188 2257 adhuc
2252 2181 2508 2255 servari
2554 2190 2626 2255 et
2677 2180 3008 2256 vindicari
3069 2180 3318 2268 velint,
3381 2178 3618 2253 minus
3667 2186 3856 2253 certa
3907 2176 4108 2252 reddi

1050 2312 1123 2379 et
1170 2304 1244 2377 in
1290 2302 1751 2402 suspicionem
1793 2302 2018 2377 vocari
2044 2303 2171 2395 ²⁴).
2274 2301 2476 2376 Tales
2531 2300 2788 2376 scilicet
2833 2309 3182 2389 auctores,
3251 2299 3492 2398 quales
3547 2322 3986 2373 sraanssms
4035 2304 4110 2371 et

1049 2423 1532 2523 Tubingenses
1595 2421 1730 2496 sibi
1788 2422 2130 2521 cogitant,
2200 2421 2341 2495 sive
2407 2422 2610 2495 inscii
2674 2422 2816 2496 sive
2881 2422 3139 2496 conscii
3195 2420 3456 2494 fuerint
3519 2418 3784 2493 fraudis
3804 2477 3825 2507 ,
3893 2440 4110 2517 quam

1049 2543 1317 2617 mundo
1362 2542 1687 2630 fecerint,
1740 2548 1951 2617 testes
1995 2564 2245 2640 parum
2297 2541 2440 2614 fide
2485 2541 2682 2641 digni
2729 2547 2896 2615 sunt
2940 2539 3276 2627 habendi,
3324 2539 3468 2613 sive
3509 2538 3696 2614 dicta
3745 2538 3888 2612 sive
3927 2538 4112 2612 facta

1048 2686 1216 2739 raso
1276 2662 1595 2737 referant.
1696 2662 1847 2760 Ipsi
1910 2686 2210 2760 quaese,
2266 2661 2355 2735 A.
2403 2662 2534 2735 A.!
2587 2662 2970 2762 perieulum
3034 2660 3302 2735 faciatis
3361 2660 3548 2735 dieta
3607 2682 3772 2733 lusu
3823 2658 3916 2733 ab
3961 2658 4114 2733 eius

1048 2782 1281 2870 factis,
1332 2782 1512 2857 facta
1549 2807 1591 2855 a
1632 2781 2013 2871 miraculis,
2064 2780 2448 2855 doctrinam
2487 2780 2577 2855 ab
2623 2781 2772 2855 eius
2815 2780 2976 2856 fatis
3011 2780 3450 2855 discernendi
3485 2788 3558 2853 et
3595 2778 3960 2879 separandi
3981 2779 4110 2869 ²⁵),

1051 2912 1121 2977 et
1170 2902 1493 2977 videbitis
1557 2926 1771 3000 quam
1834 2900 2089 3000 gracile
2142 2926 2223 2975 ac
2272 2908 2486 2976 tenue
2538 2902 3006 3001 Euangelium
3056 2898 3252 2975 vobis
3297 2900 3748 2999 relinquatur.
3849 2897 4114 2973 Intimo

1051 3049 1239 3098 nexu
1281 3047 1447 3098 insu
1490 3021 1876 3096 doctrinam
1918 3030 1989 3095 et
2030 3020 2385 3098 historiam
2424 3021 2625 3121 iungi
2663 3029 3097 3120 compertum
3135 3019 3504 3096 habebitis.
3581 3019 3798 3099 Quod
3839 3027 4111 3106 tamen,

1053 3169 1217 3221 cum
1269 3142 1587 3218 nonnulli
1635 3165 1889 3241 negare
1938 3149 2267 3242 pergant,
2324 3143 2534 3243 paulo
2577 3142 2862 3216 uberius
2905 3165 3248 3244 exponere
3293 3148 3365 3215 et
3409 3141 3752 3218 illustrare
3792 3140 4010 3216 lubet.

1153 3262 1724 3362 Uniuscuiusque
1796 3286 2095 3337 cnmsn
2171 3249 2526 3339 sectatoris
2586 3262 2714 3338 hoe
2767 3263 3073 3338 maxime
3125 3261 3448 3351 interest,
3499 3271 3582 3336 ut
3626 3261 3844 3361 probe
3897 3261 4108 3350 sciat,

1053 3384 1331 3484 qualem
1388 3407 1745 3460 cnmsrns
1792 3407 1866 3458 se
1922 3383 2071 3483 ipse
2114 3383 2636 3483 praedicaverit.
2737 3383 2840 3458 At
2879 3382 3228 3482 quomodo
3278 3381 3410 3457 hac
3461 3381 3550 3457 de
3597 3406 3672 3456 re
3715 3381 3920 3456 nobis
3955 3404 4106 3480 per·

1054 3530 1338 3580 suasum
1408 3504 1579 3592 erit,
1629 3504 1765 3577 nisi
1806 3503 1923 3578 illa
1974 3501 2181 3578 effata
2200 3562 2221 3592 ,
2282 3529 2465 3602 quae
2510 3502 2819 3602 primum
2861 3503 2978 3578 hic
3025 3504 3100 3576 in
3149 3526 3436 3577 censum
3489 3502 3814 3590 veniunt,
3863 3527 3906 3575 e
3950 3524 4110 3577 uisu
4239 3583 4252 3596 ,

1051 3623 1275 3724 ipsius
1320 3649 1438 3698 ore
1480 3623 1785 3722 profecta
1832 3646 1984 3696 esse
2004 3678 2024 3709 ,
2076 3621 2244 3695 satis
2286 3629 2442 3696 tuto
2483 3621 2758 3696 credere
2797 3621 3000 3697 liceat
3021 3623 3147 3714 θ’).
3259 3652 3294 3692 n
3321 3623 3464 3697 Hoc
3505 3630 3742 3698 tamen
3787 3621 3891 3715 (id
3934 3619 4110 3695 forte

1053 3743 1414 3842 reponitis)
1488 3767 1629 3816 non
1697 3766 1879 3817 unus
1936 3742 2190 3816 alterve
2242 3741 2438 3816 locus
2460 3800 2481 3830 ,
2534 3741 2658 3815 sed
2708 3749 2856 3818 tota
2899 3741 3186 3817 historia
3230 3743 3434 3817 docet
3459 3802 3479 3831 ,
3529 3767 3754 3818 rasum
3799 3767 3874 3816 se
3911 3765 4110 3840 prae—

1060 3862 1326 3936 dicasse
1364 3882 1739 3935 eumarum
1759 3917 1780 3949 ‚
1830 3859 1966 3934 Dei
1992 3859 2251 3933 Filium
2277 3901 2376 3916 —
2405 3884 2546 3958 quo
2576 3863 2834 3935 sensu?
2897 3886 3142 3952 sanae,
3193 3863 3240 3936 i.
3267 3889 3328 3938 e.
3363 3862 4110 3938 Grammatico-Histo-

1057 3981 1273 4068 ricae,
1322 3979 1884 4078 Interpretationi
1930 3978 2408 4054 definiendum
2447 3979 2952 4078 relinquatur.'’
3002 4023 3098 4040 --
3146 3982 3366 4056 Recte
3405 3981 3690 4081 quidem
3709 4039 3730 4070 ,
3781 3981 3906 4056 sed
3953 4005 4110 4056 ecce

1058 4100 1263 4176 nobis
1335 4108 1706 4174 occurrunt
1770 4098 2141 4175 adversarii
2202 4099 2622 4174 clamantes:
2731 4129 2768 4168 n
2789 4099 3042 4175 Nonne
3095 4100 3272 4176 illud
3329 4102 3562 4202 ipsum
3582 4159 3602 4190 ,
3653 4101 3844 4201 quod
3907 4123 4108 4176 nesus

1059 4220 1194 4296 sibi
1269 4219 1399 4296 hoc
1468 4219 1799 4296 indiderit
1867 4242 2121 4294 nomen
2143 4275 2163 4306 ‚
2234 4218 2624 4318 gravissimi
2685 4244 2844 4294 eum
2901 4221 3148 4296 erroris
3193 4223 3540 4297 convincit
3556 4223 3638 4296 i>”
3695 4263 3795 4278 --
3847 4219 4112 4296 Oculos

1056 4349 1327 4418 nostros
1374 4342 1449 4415 in
1496 4365 1774 4416 crucem
1816 4345 2208 4414 convertere
2256 4339 2539 4413 iubent:
2619 4369 2654 4408 a
2680 4340 2878 4413 Tune
2927 4364 3240 4416 camara
3263 4343 3331 4416 !”
3397 4343 3524 4434 (ita
3571 4347 3906 4441 pergunt)
3959 4362 4107 4414 mo-

1054 4462 1403 4539 ribundus
1463 4461 1883 4536 lamentatus
1954 4483 2030 4532 es
2089 4466 2162 4533 te
2202 4482 2245 4532 a
2290 4457 2444 4532 Deo
2489 4458 2896 4535 derelictum
2941 4464 3144 4536 esse?
3239 4463 3496 4536 Nonne
3544 4463 3658 4536 Tu
3713 4460 3824 4534 his
3881 4458 4108 4534 verbis

1055 4583 1225 4659 satis
1278 4582 1455 4657 clare
1506 4579 1840 4667 innuisti,
1892 4586 1963 4652 te
2012 4576 2267 4651 frustra
2311 4601 2622 4676 sperasse
2671 4579 2818 4654 fore
2873 4587 2958 4656 ut
3005 4581 3370 4681 populares
3413 4591 3486 4656 te
3531 4581 3865 4657 Messiam
3919 4578 4106 4653 salu·

1050 4708 1280 4776 tarent
1305 4703 1403 4794 ²⁷)
1426 4703 1461 4774 P
1532 4745 1634 4764 -—
1697 4697 1982 4777 Quibus
2034 4696 2269 4772 dubiis
2325 4697 2670 4798 quidquid
2723 4701 3184 4800 respondeant
3231 4701 3348 4776 alii
3367 4760 3388 4792 ‚
3437 4701 3614 4776 mihi
3665 4701 3872 4800 longe
3917 4697 4105 4799 opti·

1054 4843 1254 4896 mum
1313 4844 1725 4921 responsum
1786 4819 1859 4894 in
1922 4825 2203 4920 promtu
2254 4841 2407 4892 esse
2449 4819 2724 4895 videtur
2775 4820 2847 4895 in
2899 4844 3060 4897 raso
3105 4821 3180 4894 in
3223 4821 3434 4896 vitam
3487 4821 3740 4898 reditu.
3843 4819 4105 4896 Hacte-
