4730 6049
1018 640 1107 707 24
1973 640 2049 709 A.
2119 642 2189 710 Ε.
2258 641 2594 708 SIMON
2659 641 3100 710 THOMAS

1018 872 1157 922 non
1210 847 1304 923 sit
1341 847 1745 948 primarium
1782 849 2084 924 officium
2131 850 2530 947 divitiorum
2570 877 2947 952 pauperes,
2998 851 3126 951 qui
3165 849 3412 926 morbo
3455 850 3776 951 impediti
3807 851 4065 931 victum

1022 969 1511 1069 quotidianum
1560 993 1887 1069 quaerere
1928 994 2069 1045 non
2114 977 2448 1070 possunt,
2500 972 2882 1047 valetudini
2929 970 3236 1047 reddere.
3339 969 3566 1050 Quasi
3614 970 3826 1046 huius
3877 971 4070 1050 urbis

1024 1113 1163 1164 non
1228 1089 1506 1164 intersit
1562 1089 1946 1164 medicinae
1994 1090 2379 1181 studiosos,
2429 1091 2688 1190 quibus
2730 1093 2908 1167 nulli
2950 1092 3093 1166 fere
3141 1089 3457 1166 facultati
3493 1091 3728 1191 plures
3761 1098 3925 1166 sunt
3944 1093 4068 1167 ad-

1028 1210 1264 1310 scripti
1282 1268 1304 1300 ,
1366 1211 1523 1311 cogi
1582 1217 1661 1284 ut
1716 1210 1997 1285 aliunde
2042 1218 2287 1310 petant
2330 1211 2522 1311 quod
2553 1193 2640 1286 'in
2693 1220 2928 1288 nostra
2971 1211 3144 1287 urbe
3187 1209 3443 1287 frustra
3488 1219 3846 1310 quaerant.
3943 1212 4069 1287 Vi-

1026 1330 1280 1418 deant,
1328 1330 1472 1404 imo
1520 1328 1801 1404 videant
1846 1331 2171 1406 consules
2208 1353 2299 1406 ne
2339 1331 2559 1408 nimia
2598 1333 3018 1433 parcimonia
3048 1331 3220 1432 quid
3247 1331 3645 1408 detrimenti
3682 1331 4071 1432 respublica

1020 1451 1283 1551 capiat!

1122 1570 1438 1644 Tandem
1485 1571 1576 1645 ad
1622 1595 1741 1647 vos
1786 1577 1858 1645 et
1905 1570 1993 1645 de
2020 1569 2213 1645 vobis
2252 1571 2623 1647 dicendum
2673 1577 2815 1662 est,
2839 1570 3045 1646 Cives
3063 1570 3484 1647 Academiae
3501 1630 3523 1661 ,
3565 1571 4071 1650 commilitones

1017 1690 1519 1789 exoptatissimi
1538 1691 1555 1764 l

1122 1813 1422 1885 Gratum
1470 1810 1645 1885 mihi
1689 1810 1939 1886 accidit
1986 1818 2069 1885 ut
2116 1810 2444 1886 laudibus
2481 1836 2603 1886 vos
2642 1811 2969 1912 prosequi
3023 1809 3198 1886 mihi
3255 1809 3493 1886 liceat:
3544 1809 3801 1888 bonam
3852 1811 4066 1888 bono-

1023 1955 1182 2006 rum
1249 1955 1525 2005 morum
1576 1930 1834 2022 famam
1880 1931 2349 2030 quaesivistis:
2413 1929 2921 2006 humanitatem
2973 1930 3034 2004 si
3077 1931 3236 2030 quis
3287 1931 3466 2006 alius
3508 1931 3659 2030 ipse
3711 1931 3842 2008 hoc
3885 1957 4067 2009 anno

1022 2059 1348 2150 expertus
1416 2076 1610 2125 sum:
1678 2050 2101 2151 optimarum
2164 2051 2423 2126 artium
2490 2051 2724 2127 studia
2787 2075 2928 2127 non
3000 2051 3204 2150 pauci
3266 2050 3752 2152 probaverunt.
3853 2053 4070 2128 Multi

1023 2180 1329 2246 vestrum
1348 2229 1368 2260 ,
1436 2195 1747 2246 summos
1807 2171 2046 2270 adepti
2106 2171 2400 2246 honores
2451 2178 2576 2247 aut
2630 2170 2923 2247 solemni
2973 2171 3456 2276 disquisitione
3515 2171 3767 2247 studiis
3822 2197 4068 2272 appro-

874 2292 879 2299 ”
1023 2291 1205 2367 batis
1226 2351 1246 2381 ,
1285 2290 1667 2366 doctrinam
1709 2291 1781 2364 in
1832 2290 1959 2366 hac
1990 2291 2369 2366 Academia
2408 2298 2873 2391 comparatam
2913 2291 2986 2366 in
3031 2315 3472 2366 communem
3515 2292 3829 2366 omnium
3860 2315 4070 2367 usum

1022 2413 1485 2486 contulerunt.
1585 2412 1847 2485 Doctae
1921 2411 2327 2510 prodierunt
2399 2410 2953 2500 dissertationes,
3025 2436 3114 2485 ex
3187 2411 3446 2511 quibus
3509 2411 3676 2486 satis
3749 2411 4073 2512 apparuit

1026 2556 1259 2606 severa
1326 2531 1559 2605 studia
1630 2530 2079 2629 scriptoribus
2132 2531 2321 2605 cordi
2371 2529 2608 2607 fuisse.
2713 2531 2962 2631 Neque
3010 2530 3146 2606 alia
3191 2530 3474 2630 publica
3517 2530 3900 2606 industriae
3947 2531 4070 2606 do-

1020 2659 1345 2727 cumenta
1388 2651 1663 2726 desunt.
1768 2651 2103 2750 Quinque
2152 2659 2458 2726 vestrum
2505 2650 3032 2751 quaestionibus
3075 2651 3148 2724 in
3189 2651 3570 2726 Academia
3621 2650 4072 2726 Ultraiectina

1019 2771 1389 2872 propositis
1430 2771 1529 2846 ita
1572 2771 2113 2872 responderunt,
2149 2779 2231 2846 ut
2270 2779 2412 2847 tres
2455 2796 2726 2861 eorum,
2765 2770 3186 2846 ornatissimi
3221 2794 3594 2847 Annufflus
3617 2795 4069 2852 ranonnrcus

1021 2915 1359 2966 canconr
1382 2949 1403 2980 ,
1438 2891 1623 2966 Iuris
1662 2892 1817 2966 Utr.
1858 2891 2101 2982 Stud.‚
2150 2915 2606 2968 rannnmccs
2651 2915 3064 2967 Lunovmus
3103 2915 3474 2990 nna-onas,
3514 2891 3752 2967 Theol.
3802 2891 4023 2966 Cand.
4047 2949 4068 2980 ,

904 3058 909 3064 ·
1021 3019 1093 3086 et
1158 3033 1545 3086 anonrnus
1617 3032 1767 3084 vAN
1832 3032 2065 3099 ονΕΝ,
2134 3010 2314 3086 Phil.
2387 3011 2551 3089 Nat.
2624 3011 2824 3087 Stud.
2850 3070 2872 3102 ,
2939 3036 3148 3087 aureo
3185 3011 3523 3113 ,praemio
3581 3011 3723 3086 sint
3792 3011 4068 3102 donati,

1021 3154 1209 3205 unus
1266 3154 1424 3204 vero
1447 3188 1467 3219 ,
1531 3129 2013 3205 ornatissimus
2082 3152 2301 3206 unus
2364 3155 2580 3206 nmsA
2645 3156 3026 3222 uonrzan,
3087 3132 3326 3207 Theol.
3389 3130 3590 3209 Stud.
3617 3190 3638 3223 ‚
3703 3140 4068 3232 argenteo:

1020 3274 1251 3387 neque
1318 3250 1493 3324 mihi
1538 3250 2084 3349 praetereundus
2128 3258 2235 3325 est
2282 3252 2762 3328 ornatissimus
2811 3276 3178 3329 nnnnrcus
3233 3275 3452 3342 oonr,
3503 3252 3739 3328 Theol.
3801 3253 4070 3343 Cand.,

1022 3371 1148 3472 qui
1203 3370 1658 3446 honorificum
1722 3370 2205 3446 testimonium
2269 3373 2554 3473 accepit.
2656 3374 2873 3471 Quod
2933 3372 3130 3449 vobis
3192 3368 3662 3473 gratulamur.¹
3747 3374 4072 3453 Quorum

1021 3491 1242 3568 nobili
1296 3491 1614 3591 exemplo
1660 3490 1930 3565 incitati
1988 3516 2187 3592 spero
2248 3492 2394 3567 fore
2446 3501 2528 3567 ut
2577 3493 2678 3569 ita
2727 3492 3202 3594 respondeatis
3265 3493 3827 3592 quaestionibus,
3890 3517 4071 3620 quae

1020 3612 1227 3689 hodie
1270 3612 1344 3685 in
1391 3611 1521 3687 hac
1569 3609 1948 3686 Academia
1990 3620 2511 3712 proponuntur,
2565 3624 2648 3688 ut
2691 3638 2832 3689 ιιοιι
2886 3613 3138 3690 minori
3179 3636 3476 3689 numero
3521 3612 3836 3713 proximo
3885 3635 4070 3689 anno

1020 3733 1206 3807 idem
1252 3731 1471 3805 honor
1520 3731 1900 3831 contingat.

1121 3852 1261 3927 His
1324 3851 1629 3940 utinam,
1672 3853 1973 3927 Iuvenes
2018 3851 2376 3927 lectissimi
2394 3909 2415 3942 ‚
2463 3851 2766 3927 infausta
2811 3876 3156 3953 apponere
3174 3877 3282 3928 ne
3315 3860 3593 3929 coactus
3630 3878 3875 3929 essem.
3929 3852 4069 3927 Sed

1024 3996 1153 4048 nec
1217 3979 1449 4046 vestro
1512 3971 1742 4047 ordini
1807 3971 1959 4048 dira
2014 3994 2200 4047 mors
2257 3972 2589 4072 pepercit.
2689 3974 3013 4050 Quatuor
3059 3980 3364 4049 vestrum
3383 4032 3404 4063 ,
3467 3996 3688 4049 unus
3737 3994 4068 4049 numus

1028 4114 1399 4168 nnnmcus
1448 4114 1589 4166 'ran
1637 4114 1973 4181 noman,
2038 4090 2209 4165 Litt.
2264 4091 2531 4181 Cand.,
2597 4114 2966 4169 namucus
3027 4116 3274 4169 mnus
3322 4116 3696 4170 Anaunus
3745 4115 4068 4183 asenna,

1033 4212 1279 4291 Theol.
1302 4211 1527 4287 Cand.
1573 4219 1646 4286 et
1688 4210 1868 4287 Phil.
1916 4212 2085 4286 Nat.
2134 4210 2378 4301 Stud.‚
2430 4234 2818 4286 suasanus
2868 4234 3018 4286 van
3067 4236 3492 4304 ooascnor,
3541 4212 3781 4289 Theol.
3821 4211 4069 4303 caud„

1033 4341 1107 4409 et
1154 4354 1431 4407 rnrnus
1482 4354 1791 4407 neonus
1840 4352 2155 4405 romnus
2202 4352 2420 4405 roms
2441 4390 2462 4420 ,
2511 4330 2696 4405 Iuris
2739 4328 2999 4421 caud„
3049 4332 3236 4407 diem
3273 4332 3597 4408 obierunt
3639 4356 4065 4433 supremum.

1028 4452 1351 4530 Profecto
1418 4450 1751 4526 memoria
1793 4450 2047 4525 tenetis
2086 4474 2299 4549 quam
2346 4449 2582 4526 subito
2629 4473 2910 4550 unoque
2955 4452 3288 4551 temporis
3335 4460 3690 4529 momento
3745 4454 3808 4528 is
3858 4475 4070 4552 quem

1030 4572 1460 4675 postremum
1513 4569 1904 4659 nominavi,
1942 4570 2208 4671 optima
2256 4571 2572 4670 gaudens
2615 4571 3048 4663 valetudine,
3089 4572 3234 4647 fato
3285 4573 3376 4648 sit
3415 4580 3715 4673 ereptus.
3757 4614 3860 4633 —·
3896 4571 4070 4646 Om-

1028 4704 1159 4771 nes
1231 4692 1411 4767 bene
1478 4716 1521 4767 a
1584 4690 1937 4792 magistris
2002 4690 2384 4767 audiebant
2401 4750 2422 4781 ,
2486 4691 2776 4767 iucundi
2841 4700 3039 4769 erant
3101 4692 3342 4769 amicis
3364 4751 3385 4783 ,
3445 4692 3854 4793 parentibus
3909 4690 4069 4767 cari.

1028 4813 1157 4889 Pie
1223 4836 1462 4887 eorum
1526 4812 1932 4889 memoriam
1992 4810 2231 4888 coletis
2300 4818 2514 4911 atque
2587 4812 2856 4887 utinam
2925 4812 3168 4889 mortis
3239 4811 3670 4889 necessitatis
3733 4833 4074 4889 memores
