4730 6049
906 694 1039 766 158
1953 692 2227 760 ACTA
2304 692 2415 757 IN
2483 690 2932 758 SENATU.

1346 906 1702 1003 Argenteo
1750 899 2058 1000 praemio
2102 898 2541 975 condecorati
2591 904 2758 973 sunt

1343 1025 1813 1099 Gmnmmms
1874 1043 2314 1097 nnnom’nns
2378 1042 2758 1107 Poomrm,
2831 1014 3200 1091 Seminarii
3244 1016 3968 1117 Euangelico-Luthe·

1242 1168 1610 1231 ranorum,
1662 1141 1863 1243 quod
1907 1139 2419 1217 Amstelodami
2467 1147 2614 1229 est,
2665 1139 3032 1225 alumnus,
3095 1143 3172 1211 et

1344 1264 1735 1339 Hnmucus
1799 1284 2037 1349 oonr,
2102 1260 2320 1335 Acad.
2379 1258 2643 1359 Lugde
2616 1259 2803 1334 -.Bat
2859 1256 3070 1346 civis,
3136 1263 3430 1358 uterque
3483 1258 3558 1333 in
3608 1258 3972 1335 Facultate

1240 1384 1500 1460 Philos.
1554 1382 1801 1457 Theor.
1855 1391 1929 1456 et
1974 1379 2115 1457 Lit.
2166 1378 2390 1455 Hum.

1334 1501 1759 1577 Honorificis
1804 1498 2222 1576 testimoniis
2269 1504 2608 1574 ornantur

1192 1622 1205 1633 ’
1341 1623 1818 1697 ΗΕΒΜΑΝΝυε
1892 1644 2227 1711 Konna,
2297 1620 2520 1697 Acad.
2581 1616 2862 1694 Rheno·
2865 1614 3157 1691 Traiect.
3205 1616 3414 1708 civis,
3479 1616 3554 1693 in
3606 1617 3969 1695 Facultates

1240 1741 1653 1818 Matheseos
1688 1750 1763 1815 et
1810 1740 2069 1817 Philos.
2120 1742 2291 1817 Nat.

1329 1862 1563 1937 Ianus
1612 1884 1831 1937 luza
1874 1885 2217 1937 nomana
2268 1885 2430 1951 sa„
2487 1858 2708 1935 Acad.
2755 1812 3022 1959 Lugdae
2995 1854 3183 1932 ·.Bat
3229 1854 3444 1947 civis,
3492 1854 3570 1931 in
3603 1856 3966 1933 Facultato

1235 1980 1672 2081 Theologica.

1324 2101 1595 2176 Wrnco
1671 2125 1919 2177 muns
1992 2124 2141 2177 vm
2203 2120 2608 2177 wnnnnnnn
2665 2120 3046 2187 annonas,
3111 2096 3334 2172 Acad.
3387 2094 3965 2173 Rheno-Traiect.

1230 2220 1438 2307 civis,
1488 2219 1566 2293 in
1609 2218 1975 2294 Facultate
2018 2218 2347 2293 Iuridica.

1322 2338 1639 2414 Tandem
1687 2338 1944 2413 Rector
1988 2339 2487 2437 Magistratum
2518 2334 2845 2437 deponit,
2898 2334 3281 2435 datumque
3323 2334 3459 2410 sibi
3495 2344 3962 2415 successorem

1228 2460 1607 2559 proclamat
1646 2466 1719 2533 et
1764 2459 2019 2533 salutat
2066 2458 2320 2532 Virum
2370 2456 2553 2532 Clar.
2603 2480 2672 2531 Β.
2725 2479 2872 2529 'rna
2924 2479 3153 2531 nan.

1326 2580 1625 2654 Senatus
1674 2578 2139 2678 Graphiarius,
2180 2577 2403 2654 lectus
2446 2583 2554 2652 est
2599 2575 2729 2649 Vir
2784 2574 2969 2651 Clar.
3015 2598 3080 2651 c.
3127 2600 3204 2653 Η.
3253 2599 3326 2653 n.
3371 2599 3555 2651 Burs
3601 2596 3910 2652 mmor.

882 2816 1019 2893 Die
1116 2820 1163 2892 8
1212 2840 1308 2892 m.
1360 2814 1558 2891 Maii.
1660 2814 2037 2890 Curatores
2100 2836 2264 2889 cum
2328 2810 2635 2903 Senatu,
2695 2810 2914 2887 literis
2956 2813 3049 2888 ad
3091 2813 3328 2912 ipsum
3373 2813 3598 2905 datis,
3647 2838 3968 2891 commu-

1226 2938 1466 3012 nicant
1526 2933 1779 3007 Virum
1836 2933 2520 3009 Excellentissimum
2583 2954 2824 3009 mmm
2891 2958 3239 3009 canoram
3307 2956 3460 3008 vm
3513 2958 3968 3030 comeum,

1226 3056 1448 3154 Regis
1513 3053 2031 3129 Administrum
2055 3110 2076 3143 ,
2152 3079 2197 3129 a
2266 3053 2624 3128 Curatoris
2690 3078 2980 3130 munere
3047 3056 3738 3134 honorificentissime
3805 3082 3966 3134 esse

1226 3182 1590 3251 avocatum
1613 3234 1634 3265 ,
1704 3181 1779 3248 ot
1836 3197 2053 3249 novos
2112 3175 2536 3250 Academiae
2591 3175 2962 3250 Curatores
3009 3175 3098 3252 ab
3144 3177 3668 3278 Angustissimo
3711 3177 3912 3278 Rege
3929 3237 3956 3272 ,

1222 3295 1499 3371 decreto
1564 3297 1634 3373 d.
1705 3299 1797 3370 25
1856 3321 1951 3372 m.
2005 3296 2269 3395 Aprilis
2315 3298 2423 3372 n⁰.
2477 3297 2614 3386 64,
2677 3305 2948 3372 creatos
3001 3321 3152 3372 esse
3203 3297 3408 3372 Viros
3459 3298 3956 3398 Amplissimos

1224 3439 1299 3492 Η.
1374 3438 1449 3492 Β.
1517 3424 1783 3506 noem„
1855 3415 2259 3492 Provinciae
2320 3413 3032 3492 Rheno-Traiectinae
3095 3416 3495 3493 Praesidem
3514 3474 3536 3507 ,
3604 3426 3675 3492 et
3739 3441 3805 3493 P.
3849 3439 3954 3493 mr

1221 3559 1606 3612 Braurona·
1625 3595 1646 3626 ‚
1718 3536 2013 3637 Collegii
2056 3537 2541 3638 delegatorum
2591 3561 2678 3613 ex
2729 3537 3118 3613 Ordinibus
3165 3533 3712 3614 Provinciah'bus
3761 3537 3951 3614 eius-

1219 3655 1381 3731 dem
1428 3654 1831 3732 Provinciae
1874 3657 2161 3733 socium.

876 3893 1013 3967 Die
1066 3895 1159 3969 16
1206 3919 1302 3970 m.
1352 3895 1567 3973 Iunii.
1664 3897 1965 3972 Senatus
2029 3897 2226 3996 luget
2287 3897 2563 3972 obitum
2633 3896 2784 3972 Viri
2849 3895 3237 3970 Clarissimi
3293 3917 3540 3972 neom
3589 3917 3946 3970 connum

1219 4035 1720 4092 swrsonmsnn
1759 4039 2305 4108 onornnwonn,
2354 4019 2430 4092 in
2475 4017 2836 4097 Facultate
2863 4017 3121 4095 Philos.
3161 4017 3408 4095 Theor.
3437 4025 3514 4092 ot
3541 4017 3682 4095 Lit.
3711 4015 3940 4095 Hum.

1216 4137 1629 4212 Professoris
1676 4137 1991 4212 Emeriti.

869 4374 1006 4450 Die
1060 4375 1151 4450 18
1200 4399 1297 4452 m.
1348 4375 1560 4450 Iunii.
1662 4377 2036 4453 Curatores
2084 4401 2247 4452 cum
2300 4377 2600 4478 Senatu,
2651 4377 2868 4454 literis
2923 4378 3014 4454 ad
3065 4380 3300 4480 ipsum
3347 4377 3531 4452 datis
3551 4433 3573 4466 ,
3622 4397 3939 4452 commu-

1210 4495 1447 4570 nicant
1468 4553 1489 4584 ,
1536 4493 1789 4572 Virum
1838 4496 2320 4576 Clarissimum
2377 4521 2852 4576 nnummm
2903 4521 3214 4576 nouum
3233 4558 3256 4588 ,
3303 4496 3720 4598 Theologiae
3763 4497 3938 4571 Pro-

1212 4614 1541 4689 fessorem
1564 4673 1585 4704 ,
1675 4617 1895 4717 Regis
1983 4616 2495 4717 Angustissimi
2575 4619 2854 4694 decreto
2915 4620 2986 4695 d.
3057 4623 3152 4694 19
3222 4643 3320 4696 m.
3387 4616 3568 4694 Maii
3623 4618 3729 4696 11⁰.
3791 4618 3885 4690 52
3910 4674 3938 4708 ,

1208 4741 1488 4834 propter
1556 4741 1858 4813 aetatem
1930 4739 2531 4838 septuagenariam
2597 4739 2774 4814 rude
2835 4765 2990 4815 esse
3051 4739 3391 4817 donatum
3406 4799 3429 4829 ,
3491 4746 3568 4813 et
3614 4735 3938 4813 eiusdem

1208 4853 1431 4954 Regis
1492 4857 2004 4957 Augustissimi
2054 4859 2329 4936 decreto
2385 4859 2455 4936 d.
2505 4862 2597 4934 13
2643 4884 2736 4937 m.
2785 4860 3048 4961 Aprilis
3095 4861 3199 4937 η’.
3257 4861 3354 4935 69
3373 4919 3395 4952 ,
3459 4857 3937 4934 Professorem
