4730 6049
1082 627 1210 693 152
2250 608 2322 689 B.
2393 621 2597 689 TER
2667 620 2959 688 HAAR

1078 834 1149 896 de
1188 835 1367 907 dood,
1410 832 1613 895 scodra
1651 832 1722 910 zij
1766 830 2031 909 namelijk
2073 830 2209 891 hare
2248 830 2381 891 taak
2422 830 2650 909 vervuld
2690 832 2913 893 hebben
2953 850 3048 893 om
3087 830 3250 893 mede
3293 838 3352 893 te
3391 832 3606 895 wer-ken
3625 878 3641 906 ,
3683 832 3780 895 dat
3820 832 3892 895 de
3923 832 4136 897 waardc

1078 954 1185 998 van
1225 936 1325 997 het
1364 956 1541 997 wezen
1586 955 1657 995 en
1697 934 1767 995 de
1806 934 2099 1013 strekking
2142 954 2248 995 ven
2290 934 2392 995 het
2425 933 2760 997 historische
2799 934 3194 997 Christendom
3233 934 3294 997 in
3336 936 3434 997 het
3469 936 3611 996 licbt
3641 936 3890 1015 gesteld,
3931 956 4004 997 en
4037 936 4138 997 het

1076 1038 1439 1100 mensehdom
1495 1038 1787 1116 overtuigd
1846 1037 2059 1111 werde,
2112 1037 2209 1098 dat
2266 1037 2529 1099 niemand
2585 1058 2686 1099 een
2741 1037 2916 1099 ander
2967 1038 3298 1101 fundament
3335 1041 3540 1118 leggen
3579 1042 3724 1113 kan,
3780 1038 3891 1100 dan
3932 1039 3984 1123 't
4002 1038 4139 1101 welk

1074 1140 1272 1219 gelegd
1328 1140 1407 1213 is,
1468 1140 1733 1219 namelijk
1786 1142 1843 1201 J.
1888 1140 1998 1201 03³
2040 1174 2122 1185 —
2162 1140 2265 1201 Dr.
2307 1157 2365 1201 P.
2408 1158 2457 1201 J.
2497 1159 2549 1204 J.
2591 1161 2651 1201 A.
2694 1158 2934 1213 sumus,
2992 1144 3083 1201 De
3120 1162 3426 1220 oorsprony
3464 1162 3530 1203 en
3569 1146 3636 1205 de
3673 1144 3894 1203 vaurde
3929 1162 4038 1203 van
4075 1143 4142 1202 de

1071 1244 1459 1305 verschillmde
1496 1244 1929 1321 verzamelinqen
1964 1263 2031 1305 en
2069 1244 2341 1305 reeensie‘n
2378 1245 2477 1304 der
2515 1244 2734 1305 menen
2771 1264 2879 1304 van
2916 1258 3232 1317 munus,
3274 1266 3330 1327 p.
3376 1251 3513 1307 299.

1149 1351 1256 1423 48)
1297 1349 1821 1426 Neoplaconismum.
1877 1382 1959 1393 —
2024 1362 2055 1401 fv
2072 1347 2188 1407 Der
2236 1347 2729 1428 Neuplstonismus
2781 1347 2994 1408 scbloss
3045 1346 3166 1409 sich
3207 1348 3470 1409 soniichst
3509 1369 3582 1411 an
3623 1364 3854 1411 anon
3893 1350 3977 1409 als
4018 1348 4142 1409 des·

1070 1470 1167 1513 sen
1210 1453 1538 1537 Auslegung
1578 1451 1691 1511 und
1732 1450 2098 1528 Vollendung
2114 1496 2129 1523 ,
2182 1451 2317 1511 aber
2355 1470 2418 1511 er
2455 1452 2636 1511 wollte
2677 1452 2784 1510 alle
2823 1449 3436 1530 Philosophenschiilen
3477 1451 3538 1511 in
3573 1451 3726 1512 ihrer
3765 1451 3968 1528 tiefern
4007 1450 4143 1511 Ein-

1070 1554 1189 1615 heit
1203 1598 1220 1626 ,
1276 1556 1383 1614 elle
1438 1554 1927 1631 Volksreligionen
1990 1553 2049 1613 in
2102 1553 2255 1613 ihrer
2314 1552 2612 1630 religiiisen
2669 1552 2992 1629 Grundlsge
3049 1554 3386 1630 vereinigen.
3427 1586 3510 1599 --
3549 1554 3742 1615 Daher
3779 1555 4142 1631 alleqoriecke

1072 1658 1395 1734 Auelequnq
1448 1660 1545 1717 der
1601 1658 1857 1735 Mychon.
1916 1688 1999 1701 —
2038 1658 2114 1717 So
2156 1656 2279 1717 eine
2322 1674 2466 1717 neue
2507 1654 2706 1715 Macht
2745 1656 2842 1716 des
2877 1658 3026 1716 alten
3068 1656 3353 1717 Gleubens
3392 1655 3570 1717 werde
3609 1658 3711 1717 der
3749 1658 3810 1717 N
3811 1657 4141 1738 eupletonis-

1066 1779 1189 1819 mus
1244 1759 1391 1820 doch
1450 1759 1807 1836 nothwendig
1860 1759 2002 1819 auch
2058 1758 2181 1819 cine
2240 1759 2474 1819 Reform
2529 1758 2820 1820 desselben
2841 1803 2856 1831 ,
2911 1742 3246 1820 ‘verbreitete
3301 1759 3422 1819 sich
3473 1761 3556 1819 als
3603 1759 3696 1819 die
3735 1759 4002 1837 Religion
4043 1758 4142 1821 der

1070 1860 1401 1923 Gebildeten
1456 1861 1629 1922 durch
1686 1862 1785 1921 das
1838 1846 2020 1939 ganne¹
2068 1860 2374 1921 Romische
2419 1862 2632 1938 Reich3
2678 1861 2812 1921 aber
2851 1859 2912 1921 in
2957 1861 3074 1921 sich
3115 1862 3288 1923 selbst
3327 1880 3425 1921 eus
3467 1861 3970 1925 widerstrebenden
4009 1864 4142 1925 Ele·

1072 1969 1297 2027 menten
1340 1970 1895 2043 zusammengesetzt,
1938 1964 2089 2024 kann
2132 1982 2193 2023 er
2233 1981 2339 2022 nur
2380 1960 2487 2023 den
2531 1970 2845 2041 untergang
2880 1961 2980 2023 des
3020 1962 3434 2024 Heidentbums
3473 1964 3698 2025 erleben
3737 1964 3852 2025 und
3893 1966 4142 2027 verberi·-

1063 2068 1314 2130 lichen.''
1357 2100 1437 2114 —
1478 2069 1685 2140 Hssn,
1728 2066 2313 2143 Kirehenqeeckiehte,
2357 2086 2414 2145 p.
2456 2069 2565 2136 52,
2611 2070 2696 2125 8⁸⁸
2740 2064 2890 2126 Edit.

1146 2168 1252 2251 49)
1299 2158 1978 2247 meopkilantropinorum
2036 2170 2244 2229 irritos
2300 2173 2548 2227 comus.
2631 2169 2798 2227 Plura
2853 2167 2950 2247 qui
3005 2167 3078 2229 de
3133 2168 3296 2229 huius
3345 2172 3526 2229 sectae
3573 2168 3838 2242 historia,
3891 2172 4136 2251 placitis,

1064 2275 1215 2334 cultu
1258 2274 1399 2334 scire
1440 2274 1625 2353 cupiat
1666 2272 1853 2333 adeat:
1898 2288 2152 2344 tramae,
2195 2271 2464 2331 Histoire
2503 2271 2572 2330 de
2616 2272 2674 2331 la
2717 2269 3048 2332 Re'volution
3089 2271 3433 2349 Ρναηφαίεθ,
3475 2273 3546 2331 Τ.
3588 2272 3661 2333 V.
3699 2293 3754 2352 p.
3799 2276 3918 2332 314
3960 2292 4046 2353 sq.
4083 2280 4140 2335 et

1071 2392 1513 2437 Ancnnunnux
1556 2390 1797 2447 susos,
1842 2376 2089 2453 Hister-vs
2133 2378 2210 2449 qt·
2235 2376 2463 2450 Europe
2485 2376 2648 2449 from
2689 2376 2782 2433 the
2819 2382 3243 2435 commonacum
3281 2378 3359 2442 of
3387 2378 3482 2436 ebe
3520 2377 3734 2435 Renes
3775 2374 4136 2447 Reoohtios,

1060 2480 1128 2539 T.
1186 2480 1300 2540 111.
1364 2500 1419 2559 p.
1480 2480 1598 2541 174
1654 2497 1736 2557 sq.
1822 2483 2035 2537 Auctor
2089 2482 2147 2538 et
2203 2476 2459 2539 conditor
2514 2475 2680 2537 huius
2719 2480 2905 2537 sectae
2941 2474 3204 2556 idemque
3241 2478 3504 2539 Pontifex
3545 2477 3864 2539 notissimus
3903 2478 4012 2539 fuit
4045 2478 4141 2539 ille

1057 2568 1515 2643 nsnssvnmnssnn
1557 2580 1792 2639 nfirsux
1812 2624 1827 2651 ,
1886 2578 1972 2639 vir
2028 2580 2104 2639 ob
2162 2582 2313 2641 vitae
2353 2598 2678 2659 morumque
2717 2579 3070 2641 honestatem
3109 2580 3408 2641 admodum
3447 2580 3740 2641 laudabilis
3753 2625 3772 2655 ,
3813 2579 3910 2659 qui
3925 2624 3944 2653 ‚
3983 2600 4138 2658 roga·

1059 2691 1147 2747 tus
1188 2704 1287 2745 cur
1325 2688 1475 2745 secta
1518 2684 1605 2742 vel
1645 2682 1843 2759 religio
1859 2728 1875 2755 ,
1919 2681 2009 2743 cui
2050 2684 2389 2764 praefuerat,
2434 2690 2554 2743 tam
2591 2681 2704 2743 cito
2746 2680 3084 2754 interiisset,
3127 2682 3478 2763 respondisse
3519 2685 3694 2744 fertur
3711 2727 3728 2757 ‚
3771 2682 3924 2763 quod
3957 2702 4140 2745 carue·

1064 2792 1153 2849 rat
1191 2786 1331 2847 duce
1372 2780 1463 2849 v'el
1504 2785 1779 2865 principe,
1823 2784 1919 2864 qui
1960 2790 2209 2846 mortuus
2250 2790 2378 2865 post
2419 2784 2665 2845 triduum
2707 2788 3039 2861 resurgeret.
3123 2784 3292 2845 Quod
3335 2785 3382 2845 si
3425 2804 3614 2847 verum
3657 2792 3776 2858 est,
3815 2785 3938 2865 ipse
3971 2786 4140 2847 sensit

1063 2896 1119 2950 et
1178 2892 1295 2951 fere
1327 2889 1535 2949 invitus
1574 2886 1763 2948 effatus
1804 2892 1919 2957 est,
1962 2887 2095 2965 quid
2136 2906 2266 2947 sune
2308 2887 2570 2965 religioni
2609 2887 2858 2959 deesset,
2901 2893 2959 2947 et
2997 2892 3118 2947 tem
3157 2887 3398 2949 subitam
3435 2887 3522 2949 illi
3562 2889 3995 2969 praeparavisset
4031 2888 4139 2949 rni-

1060 3013 1212 3054 nam.
1294 2996 1517 3053 Amson
1536 3036 1552 3064 ,
1615 2992 1656 3050 l.
1714 3009 1762 3049 c.
1821 2988 2155 3068 colloquium
2216 2991 2365 3051 lectu
2420 2988 2808 3068 dignissimum
2860 2989 3066 3064 tradit,
3107 2989 3256 3072 quod
3305 3006 3614 3054 mmmm<
3633 3037 3650 3066 ,
3691 2990 4142 3070 Francognllicae

1063 3093 1425 3175 Reipublicae
1482 3093 1722 3164 Consul,
1782 3109 1907 3150 cum
1961 3093 2242 3152 nonnullis
2298 3092 2464 3154 huius
2517 3099 2700 3156 sectae
2739 3095 3048 3156 fautoribus
3089 3098 3148 3155 et
3187 3093 3686 3176 propugnatoribus
3733 3095 4000 3155 babuerit.
4080 3095 4132 3154 Ε

1057 3199 1249 3258 libello
1304 3181 1545 3273 satyrico
1599 3199 1690 3254 La
1746 3196 2021 3254 Leucerae
2080 3195 2349 3273 Maqiqw
2411 3196 2834 3272 Re'publs‘mine,
2897 3197 2994 3278 qui
3047 3196 3272 3258 Parisiis
3323 3195 3530 3277 prodiit
3583 3217 3636 3258 a.
3679 3200 3836 3261 1799
3853 3241 3870 3269 ,
3909 3201 4136 3278 apparet

1061 3302 1320 3381 populum
1361 3300 1545 3379 ipsum
1608 3297 2201 3373 neophilantropinos
2244 3319 2544 3379 eorumque
2585 3306 2814 3362 conatus
2855 3302 3008 3362 nulla
3043 3300 3162 3360 fere
3201 3300 3510 3362 attentione
3549 3299 3752 3377 dignos
3765 3344 3782 3373 ,
3823 3305 3920 3360 unt
3959 3298 4130 3376 magi·

1065 3403 1231 3467 etiam
1264 3401 1509 3462 ludibrio
1554 3400 1815 3461 habuisse
1832 3445 1849 3472 ,
1892 3419 1988 3462 eos
2028 3400 2423 3481 nuncupando:
2477 3402 2736 3480 Oitoyene
2775 3435 2856 3448 —-
2880 3405 3070 3482 filone-
3109 3433 3190 3452 ·--
3229 3423 3298 3464 en
3335 3409 3550 3480 troupe.

1164 3503 1269 3586 50)
1322 3505 1425 3565 Uti
1460 3504 1669 3564 statuit
1711 3519 2103 3564 naun-mus:
2149 3503 2530 3564 afflator-isch
2568 3505 2698 3564 oder
2736 3504 3106 3583 Hystica?
3149 3503 3421 3584 imprimis
3459 3505 3520 3564 in
3553 3523 3814 3585 responso
3860 3504 3930 3566 ad
3977 3523 4132 3585 quae-

1072 3609 1343 3670 stionemx
1390 3633 1421 3663 e
1448 3611 1583 3668 Was
1616 3613 1759 3667 secet
1790 3606 1880 3666 die
1914 3606 2173 3682 Stfflunq
2204 3607 2304 3666 der
2348 3606 2683 3668 christliche
2713 3607 2926 3667 Kirche
2953 3608 3128 3668 durch
3145 3607 3312 3666 einen
3333 3607 3728 3682 Gekrmiqcen
3743 3625 3946 3668 vorans
3955 3606 4030 3668 θ’*
4052 3639 4135 3652 —

1069 3713 1243 3786 Quale
1301 3709 1567 3770 iudicium
1629 3707 1947 3788 nuperrime
2003 3707 2063 3766 iu
2118 3713 2308 3768 nostra
2360 3707 2540 3788 petria
2591 3709 2804 3769 iteretis
2857 3708 3072 3770 vicibus
3125 3707 3196 3768 de
3251 3707 3360 3769 hac
3414 3723 3730 3770 uanum
3769 3708 4134 3790 disputatione

1072 3813 1427 3876 enunciatum
1478 3811 1584 3883 sit,
1634 3811 1733 3872 hic
1788 3816 2036 3891 repetere
2082 3809 2490 3890 lectoribusque
2531 3811 2669 3873 meis
2707 3810 2768 3870 in
2801 3810 3130 3871 memoriam
3169 3831 3428 3872 revocare
3467 3811 3612 3872 nihil
3650 3813 3870 3874 attinet.
3948 3811 4133 3874 Potiu·

1074 3916 1175 3976 hic
1230 3921 1421 3975 votum
1478 3913 1773 3974 enunciare
1824 3914 2009 3986 lubet,
2066 3920 2129 3974 ut
2180 3913 2410 3974 studiosi
2458 3914 2636 3975 nostri
2672 3913 2898 3975 iuvenes
2936 3933 3116 3992 neque
3153 3913 3212 3974 in
3253 3929 3568 3976 obtusum
3605 3933 3786 3993 neque
3823 3915 3884 3975 in
3927 3930 4134 3976 Lmen

1067 4020 1239 4080 verbs
1278 4018 1463 4077 iurent
1478 4062 1493 4089 ,
1555 4035 1731 4096 neque
1772 4017 1884 4078 alto
1928 4016 2219 4096 supercilio
2234 4061 2249 4088 ,
2308 4015 2459 4096 quod
2509 4037 2542 4076 e
2579 4036 2715 4076 sena
2755 4021 2812 4076 et
2851 4015 3034 4076 lucida
3067 4021 3256 4077 mente
3297 4017 3532 4080 fluxerat
3545 4059 3562 4089 ,
3617 4037 3757 4098 opus
3799 4017 4129 4100 despiciunt,

1070 4121 1169 4182 sed
1184 4167 1199 4193 ,
1245 4119 1487 4180 maxime
1528 4118 1681 4180 bisce
1722 4119 1925 4178 nostris
1964 4117 2158 4179 diebus
2174 4164 2188 4190 ,
2232 4138 2396 4199 supra
2435 4116 2716 4178 laudatam
2759 4117 3214 4196 Disquisitionem
3251 4119 3444 4196 legant
3479 4139 3546 4180 nc
3581 4121 3857 4196 relegunt.
3919 4121 4129 4192 Quam,

1070 4224 1175 4286 etsi
1233 4217 1589 4283 summanus
1644 4220 1791 4282 haud
1849 4222 1931 4282 its
1980 4221 2353 4298 Euangelicse
2407 4220 2693 4280 Historiae
2750 4219 3038 4282 veritatem
3094 4220 3502 4282 demonstrasse
3545 4220 3825 4294 videam,
3879 4226 3946 4283 nt
3981 4239 4130 4284 secus

1070 4325 1437 4388 sentientibus
1489 4343 1709 4405 prorsus
1762 4326 1945 4384 nullus
1992 4321 2406 4384 contradicendi
2455 4324 2540 4383 vel
2581 4321 2872 4384 dubitandi
2913 4322 3138 4385 relictus
3179 4325 3253 4386 sit
3287 4325 3442 4386 locus
3457 4369 3474 4397 ,
3527 4325 3692 4404 plane
3729 4325 4014 4403 egregiam
4049 4323 4129 4384 di·

1076 4448 1199 4490 οπο
1236 4445 1588 4507 nequaquem
1628 4446 1719 4488 me
1759 4426 1947 4508 pudet.

1159 4535 1265 4606 51)
1302 4531 1553 4592 Mae-ime
1586 4531 1773 4590 errori
1811 4563 1892 4576 -
1930 4527 2238 4588 victoriam.
2312 4527 2478 4588 Ultro
2521 4527 2764 4589 concedo
2805 4546 3034 4590 muno
3073 4527 3200 4610 (das
3249 4529 3658 4592 munem
3693 4531 3794 4590 der
3831 4531 3956 4590 drot·
3989 4535 4133 4590 erote

1074 4634 1513 4705 Jabrhic’nderte,
1570 4653 1627 4714 p.
1690 4631 1792 4711 39)
1846 4629 2111 4692 scribenti
2128 4653 2145 4688 ε
2204 4628 2374 4690 adase
2425 4629 2522 4690 fiir
2575 4629 2674 4692 des
2715 4631 2972 4692 Glsuben
3015 4629 3116 4692 der
3154 4631 3376 4710 Ji‘mger
3413 4631 3506 4693 die
3541 4632 3960 4710 Auferstehung
3997 4649 4130 4694 mu

1076 4756 1173 4796 zur
1225 4736 1490 4796 fiestesten
1538 4735 1653 4796 und
1706 4733 2259 4796 unumstiisslicbsten
2315 4733 2642 4796 Gewissheit
2697 4734 2992 4814 geworden
3041 4733 3134 4796 ist.
3225 4735 3298 4794 In
3353 4733 3542 4796 diesen
3591 4734 3848 4798 Glauben
3885 4736 3984 4798 hat
4023 4739 4134 4796 eret

1082 4837 1181 4896 das
1223 4837 1640 4898 Christenthum
1694 4837 1806 4900 den
1847 4837 2029 4901 iesten
2070 4837 2265 4900 Grund
2306 4838 2487 4900 seiner
2525 4837 2994 4916 geschichtlicber
3031 4836 3424 4915 Entwicklung
3461 4855 3784 4916 gewonnen.
3872 4837 4004 4900 Was
4023 4838 4134 4902 ,fut
