4730 6049
1836 653 2398 726 ORATIO.
3513 657 3648 726 329

591 889 829 941 eorum
878 863 1323 964 opinionibus
1370 865 1539 942 haec
1585 864 1815 940 subsit
1860 864 2281 965 praestantia
2295 923 2329 970 ,ι
2381 863 2573 962 quod
2625 866 3039 941 Germanico
3083 865 3220 940 iuri
3259 891 3640 944 accommo-

592 985 793 1062 datae
862 985 1005 1062 sint
1058 993 1132 1060 et
1196 985 1583 1084 adaptatae.
1684 987 1755 1059 N
1762 1009 1895 1062 unc
1942 993 2179 1060 autem
2230 985 2508 1061 illorum
2567 984 2998 1061 eruditorum
3043 986 3453 1064 auctoritate
3499 989 3641 1063 Ro-

592 1129 879 1180 manum
920 1105 1033 1180 ius
1076 1113 1147 1181 et
1190 1105 1261 1180 in
1310 1106 1519 1195 lociS,
1568 1106 1641 1179 in
1688 1106 1949 1205 quibus
2000 1104 2141 1180 iam
2184 1105 2351 1180 olim
2389 1131 2431 1180 a
2477 1105 2722 1204 patriis
2771 1106 3082 1182 moribus
3125 1107 3417 1182 alienius
3452 1133 3643 1197 esse,

592 1225 653 1300 si
722 1250 863 1300 non
936 1225 1457 1324 intelligebatur
1476 1285 1496 1315 ,
1566 1235 1641 1302 at
1724 1225 2155 1302 sentiebatur
2226 1232 2460 1300 tamen
2482 1284 2502 1313 ,
2583 1225 2718 1300 iuri
2797 1227 3210 1303 Germanico
3284 1227 3640 1303 substitui.

589 1346 741 1420 Nec
806 1346 1019 1420 huius
1078 1347 1525 1422 Romanistas
1590 1348 1771 1422 inter
1834 1355 1905 1422 et
1964 1347 2442 1422 Germanistas
2461 1405 2481 1435 ,
2549 1346 2652 1420 uti
2703 1346 2871 1420 dicti
2922 1347 3245 1436 fuerunt,
3295 1357 3640 1424 concerta-

592 1466 799 1541 tionis
869 1467 1223 1542 historiam
1282 1467 1606 1566 persequi
1665 1467 1875 1542 huius
1938 1468 2091 1542 loci.
2192 1467 2351 1542 Hoc
2403 1467 2628 1540 solum
2678 1465 2932 1541 addere
2979 1467 3200 1544 liceat.
3303 1469 3464 1543 Non
3517 1469 3646 1542 hoc

592 1608 891 1660 savmro
944 1585 1109 1660 vitio
1157 1587 1565 1662 vertendum
1588 1645 1609 1674 ,
1660 1587 1783 1668 sed
1834 1597 1905 1662 et
1962 1587 2073 1662 hic
2128 1586 2399 1662 scholae
2451 1594 2819 1660 sectatores
2873 1588 3163 1662 ulterius
3214 1612 3425 1686 quam
3481 1613 3644 1662 con·

592 1707 849 1782 ditores
884 1709 1231 1808 progressi
1272 1716 1457 1784 sunt.
1539 1709 1891 1783 Savrmus
1935 1707 2085 1806 ipse
2122 1709 2196 1782 in
2234 1707 2561 1806 operibus
2600 1707 2762 1781 inde
2800 1707 2888 1782 ab
2935 1711 3354 1784 anno‘1840
3397 1709 3644 1798 editis,

591 1826 909 1927 pluribus
972 1827 1144 1902 iuris
1202 1829 1503 1904 Romani
1550 1829 1895 1927 capitibus
1946 1853 2227 1902 omnem
2280 1828 2353 1900 in
2409 1827 2741 1901 hodierno
2792 1853 2926 1902 usu
2973 1829 3228 1904 forensi
3277 1829 3642 1902 auctorita-

589 1955 732 2021 tem
779 1947 1183 2046 denegavit,
1233 1973 1413 2047 quae
1459 1949 1707 2024 fervidi
1752 1949 1963 2024 etiam
2006 1947 2488 2024 Germanistae
2529 1949 2806 2022 reiicere
2845 1948 3158 2024 nondum
3199 1948 3350 2023 ausi
3394 1955 3646 2024 essent.

592 2067 707 2141 Sic
753 2091 1037 2166 quoque
1088 2091 1377 2143 ruem-A
1431 2070 1579 2144 suis
1626 2068 1834 2144 editis
1883 2069 2276 2145 PandectiS.

692 2186 833 2260 Sed
882 2185 1099 2285 quod⁴
1126 2186 1285 2286 plus
1331 2187 1497 2262 facit
1540 2188 1632 2262 ad
1683 2213 1831 2262 rem
1882 2197 2356 2287 praesentem:
2427 2186 2652 2286 magis
2695 2187 3058 2286 magisque
3109 2187 3404 2288 perspici
3453 2212 3652 2286 coep·

590 2314 745 2380 tum
816 2319 929 2380 est
1002 2315 1310 2383 nostram
1385 2315 1683 2384 aetatem
1709 2367 1729 2396 ,
1801 2317 2235 2408 praesentem
2290 2317 2682 2383 nostrorum
2725 2307 3140 2407 populorum
3189 2307 3654 2384 conditionem

592 2426 727 2502 alia
794 2427 1031 2502 omnia
1095 2453 1375 2526 poscere
1438 2441 1511 2503 et
1572 2428 1962 2528 postulare,
2015 2453 2225 2527 quam
2279 2453 2460 2527 quae
2510 2427 2646 2502 fuit
2694 2435 2992 2502 exeunte
3045 2429 3274 2502 medio
3315 2453 3506 2504 aevo.
3579 2427 3656 2502 Si

592 2555 761 2622 tunc
830 2545 1207 2622 dicendum
1283 2557 1467 2624 esset
1540 2548 1655 2624 ius
1722 2549 2123 2623 Romanum
2202 2549 2598 2624 excultioris
2673 2548 2922 2622 aetatis
2998 2548 3298 2646 speciem
3369 2547 3656 2635 referre,

594 2690 781 2742 nunc
844 2667 1051 2766 plane
1118 2670 1547 2744 contrarium
1616 2669 1908 2745 obtinet.
2008 2671 2159 2744 Nos
2220 2669 2313 2743 ad
2373 2669 2514 2744 iam
2579 2669 2799 2742 multo
2846 2667 3158 2742 altiorem
3209 2668 3386 2742 vitae
3439 2667 3660 2741 civilis

596 2787 909 2862 excultae
977 2789 1275 2888 gradum
1342 2790 1872 2877 adscendimus,
1948 2814 2161 2888 quam
2230 2815 2370 2888 quo
2441 2813 2754 2887 unquam
2813 2796 3274 2887 pervenerunt
3334 2785 3656 2863 Romani.

592 2907 1165 2984 Necessitudines
1230 2909 1415 2984 vitae
1474 2911 1663 3010 apud
1736 2936 1865 2985 nos
1929 2910 2069 2986 iam
2120 2935 2363 2985 omnes
2416 2909 2640 2984 multo
2695 2907 3142 2984 excultiorem
3163 2966 3182 2996 ,
3234 2907 3458 2982 multo
3506 2932 3658 3006 per·

594 3030 947 3105 festiorem
1022 3031 1323 3130 speciem
1398 3032 1749 3121 referunt,
1818 3057 2031 3131 quam
2098 3033 2267 3106 olim
2336 3032 2624 3107 Romae.
2727 3030 2886 3105 Hoc
2953 3030 3180 3104 locum
3245 3029 3456 3103 habet
3517 3052 3656 3101 non

596 3156 875 3225 tantum
940 3150 1017 3224 in
1086 3150 1506 3226 familiarum
1572 3162 1645 3227 et
1704 3177 2153 3252 personarum
2177 3210 2198 3241 ,
2250 3151 2374 3225 sed
2429 3174 2572 3225 non
2620 3149 2854 3225 minus
2900 3150 2972 3224 in
3025 3148 3318 3224 dominii
3370 3156 3442 3224 et
3485 3146 3658 3223 obli-

598 3268 969 3367 gationum
1028 3270 1200 3343 iure.
1303 3270 1381 3345 Si
1442 3270 2009 3347 commerciorum
2071 3269 2263 3369 apud
2312 3294 2442 3345 nos
2489 3268 2878 3349 ubertatem
2901 3326 2919 3356 ‚
2992 3268 3388 3343 varietatem
3412 3325 3432 3356 ,
3481 3268 3657 3341 cele-

600 3397 873 3465 ritatem
927 3390 1093 3465 iuris
1140 3392 1437 3465 Romani
1494 3391 1661 3491 iugo
1712 3392 2122 3467 submittere
2169 3391 2376 3478 velia,
2429 3412 2568 3463 non
2610 3389 2804 3464 aliud
2847 3387 3152 3488 profecto
3200 3388 3352 3487 agis
3375 3446 3394 3476 ,
3447 3412 3662 3486 quam

604 3511 667 3587 si
718 3511 947 3586 virum
996 3512 1137 3586 iam
1186 3512 1509 3588 adultum
1548 3513 1859 3613 pueriles
1894 3513 2003 3588 vel
2040 3511 2379 3587 iuveniles
2422 3517 2646 3585 vestes
2691 3508 2978 3583 induere
3021 3533 3322 3608 cogeres.
3422 3510 3664 3583 Novae

604 3631 947 3731 planeque
994 3638 1303 3707 mutatae
1344 3642 1509 3707 sunt
1552 3631 1731 3707 vitae
1774 3630 2343 3707 necessitudines.
2409 3629 2510 3703 Iis
2539 3628 2650 3703 ius
2671 3628 3336 3703 accommodandum
3359 3635 3430 3701 et
3451 3627 3662 3727 adap-

604 3752 901 3827 tandam
924 3808 947 3839 ‚
996 3775 1137 3827 non
1208 3752 1489 3827 aliunde
1512 3812 1533 3842 ,
1607 3776 1749 3827 non
1804 3752 2067 3839 Roma,
2138 3774 2278 3825 non
2352 3774 2438 3825 ex
2507 3748 2918 3823 Germanica
2984 3748 3401 3848 antiquitate
3473 3770 3662 3825 sum·

608 3880 759 3947 tum
782 3930 803 3961 ,
878 3870 1003 3945 sed
1081 3896 1169 3945 ex
1236 3870 1407 3970 ipsis
1474 3872 1615 3947 illis
1684 3872 1881 3946 novis
1946 3868 2584 3945 necessitudinibus
2647 3868 3030 3943 deductum
3105 3878 3178 3943 et
3254 3868 3662 3943 derivatum.

608 3990 887 4066 Novum
942 3991 1183 4066 vinum
1220 3992 1421 4065 novis
1458 3992 1977 4069 infundendum
2023 3990 2297 4066 utribus
2317 4050 2337 4079 ,
2388 4014 2479 4065 ne
2527 3989 3017 4088 dirumpantur
3059 3998 3285 4079 utres,
3337 3998 3409 4065 et
3455 3990 3556 4065 sic
3595 3997 3668 4065 et

613 4118 804 4185 utres
852 4120 1141 4211 pereant
1186 4119 1261 4187 et
1308 4112 1573 4187 vinum.
2817 4186 2822 4189 ,

708 4230 989 4307 Haecce
1030 4240 1269 4307 antem
1320 4232 1637 4332 quaestio
1675 4231 1877 4308 nobis
1930 4232 2221 4330 aliisque
2266 4230 2598 4331 gentibus
2619 4287 2639 4318 ‚
2691 4230 2822 4327 qui
2854 4229 3135 4329 scriptis
3194 4230 3459 4305 utimur
3497 4230 3666 4328 legi-

612 4350 745 4425 bus
764 4408 787 4438 ,
837 4349 1124 4425 minoris
1172 4352 1553 4442 momenti,
1602 4352 1741 4427 nisi
1788 4360 1913 4426 aut
1962 4352 2051 4427 de
2099 4352 2271 4427 iuris
2321 4351 2641 4439 historia,
2692 4357 2816 4425 aut
2865 4350 2952 4423 de
2995 4351 3144 4425 iure
3183 4349 3670 4425 constituendo

612 4477 885 4569 agatur.
1012 4470 1155 4545 Sed
1236 4472 1299 4547 si
1366 4472 1511 4547 iam
1579 4470 1675 4547 ad
1742 4469 2335 4569 Iurisprudentiae
2407 4477 2628 4547 artem
2695 4466 3008 4543 animum
3075 4466 3538 4553 advertimus,
3609 4469 3669 4541 si

614 4590 951 4665 ICtorum
1002 4589 1389 4688 cogitamus
1440 4616 1700 4667 munus
1750 4606 1825 4665 et
1872 4592 2177 4667 officium
2200 4652 2221 4680 ,
2270 4590 2518 4667 eadem
2565 4587 2746 4663 redit
2795 4586 3108 4684 quaestio
3127 4644 3146 4674 ,
3196 4610 3424 4684 neque
3467 4584 3668 4661 nobis

615 4708 903 4785 minoris
950 4711 1341 4800 momenti,
1408 4738 1625 4811 quam
1672 4712 2004 4812 gentibus
2027 4771 2047 4800 ,
2097 4712 2289 4811 apud
2313 4735 2508 4810 ‘quas
2545 4709 2752 4787 istam
2802 4707 3036 4806 legum
3087 4707 3496 4806 scriptarum
3537 4706 3671 4783 for·

618 4853 807 4905 mam
870 4829 1191 4905 nondum
1244 4831 1624 4909 induerunt
1673 4832 1853 4909 iura.
1936 4832 2169 4911 ‘Quod
2230 4831 2661 4909 Germaniae.
2699 4829 3092 4906 ostenditur
3141 4828 3457 4926 exemplo
3479 4887 3499 4917 ‚
3527 4827 3676 4903 nbi

1634 4968 1643 4985 ’
3233 4952 3329 5023 42
