4730 6049
1826 679 2388 749 ORATIO.
2943 688 2962 697 '
3515 682 3642 754 131

554 870 737 961 cives
753 942 775 979 ,
850 896 1079 965 aetate
1149 889 1613 989 provectiores
1630 946 1651 979 ,
1726 888 1847 965 hic
1916 888 2219 977 adsunt,
2288 896 2490 989 grato
2555 888 2790 965 animo
2839 890 3287 969 recordantur
3303 948 3324 980 ‚
3373 896 3660 991 quanta.

556 1016 797 1083 nostra
840 1010 1225 1086 Academia
1268 1010 1468 1111 genti
1514 1016 1681 1087 tuae
1699 1068 1721 1099 ,
1774 1010 1957 1111 patri
1976 1068 1997 1099 ,
2048 1010 2193 1090 viro
2246 1008 2656 1108 gravissimo
2689 1034 2772 1087 ae
2811 1010 3293 1099 meritissimo,
3343 1009 3636 1101 debeat3

560 1156 639 1207 ac
679 1128 849 1205 'ribi
890 1130 1037 1207 filio
1059 1191 1079 1221 ,
1148 1130 1273 1207 tali
1320 1138 1517 1231 patre
1569 1130 1985 1231 dignissimo
2006 1188 2027 1219 ,
2079 1129 2183 1206 nil
2236 1128 2546 1205 sanctius
2567 1188 2588 1219 ,
2637 1130 2739 1205 nil
2789 1130 3147 1229 antiquius
3192 1131 3372 1221 fore,
3421 1156 3638 1230 quam

558 1251 777 1353 patris
844 1275 1120 1351 semper
1190 1252 1593 1351 exemplum
1657 1251 1917 1327 intueri
1984 1257 2057 1325 et
2119 1250 2380 1327 imitari
2399 1310 2421 1339 ,
2493 1276 2534 1325 e
2599 1258 2726 1327 tuo
2781 1250 3006 1351 ipsius
3051 1276 3169 1327 ore
3203 1254 3632 1351 accepimus.

563 1372 777 1451 Quod
844 1396 1005 1447 vere
1062 1380 1135 1447 et
1180 1373 1445 1449 sincere
1494 1398 1539 1449 a
1588 1379 1657 1449 te
1704 1372 1975 1449 dictum
2030 1396 2183 1447 esse
2204 1429 2225 1460 ,
2294 1371 2426 1447 hoc
2478 1372 2706 1472 primo
2761 1371 2872 1445 tui
2914 1371 3364 1471 magistratus
3406 1397 3630 1463 anno,

562 1492 845 1569 monitis
915 1494 1361 1593 consiliisque
1424 1494 1571 1569 tuis
1632 1500 1715 1569 ιιι
1762 1493 2173 1581 discidium,
2240 1516 2432 1567 nunc
2471 1492 2616 1567 fere
2665 1492 3104 1593 consopitum
3145 1518 3228 1569 ac
3273 1493 3647 1570 mouban·-

564 1613 776 1702 dum,
842 1614 1035 1689 inter
1095 1614 1307 1689 huius
1381 1614 1799 1691 Academiae
1868 1614 2191 1691 alumnos
2248 1638 2534 1712 prorsus
2601 1614 2908 1703 tolleres,
2982 1614 3260 1714 egregie
3316 1639 3628 1715 compro·

564 1732 781 1809 besti!
854 1734 1007 1823 Τιι,
1072 1732 1203 1807 Vir
1259 1734 1703 1834 gravissime!
1773 1735 1989 1834 patris
2047 1735 2354 1824 famam,
2404 1733 2512 1809 tui
2561 1732 2896 1824 nominis,
2948 1734 3159 1816 huius
3208 1735 3628 1813 Academiae

562 1852 892 1954 gloriam,
958 1853 1309 1955 adaugeas
1379 1862 1491 1945 et,
1560 1862 1907 1954 quantum
1976 1878 2211 1931 rerum
2276 1853 2709 1931 terrestrium
2773 1854 3113 1955 lli-agilitas
3163 1864 3238 1931 et
3288 1856 3630 1935 vacillatio

564 1974 787 2062 sinat,
854 1974 927 2049 in
990 1998 1067 2049 re
1132 1998 1416 2073 quoque
1482 1974 1903 2065 domestica,
1972 1974 2376 2052 dulcissima
2431 1999 2596 2051 cum
2647 1976 2944 2075 coniuge
2995 1975 3189 2051 haud
3237 1976 3630 2077 interrupta

558 2070 887 2169 felicitate
926 2093 1209 2171 finatis!
1272 2095 1419 2171 Vos
1458 2118 1741 2183 omnes,
1792 2094 1946 2169 Viri
1984 2095 2440 2195 amplissimi,
2491 2102 2928 2194 praesentes,
2978 2095 3380 2186 absentem,
3429 2098 3630 2175 Deus

558 2212 683 2287 din
728 2222 1085 2289 conservet
1134 2214 1357 2291 salvos
1408 2222 1483 2291 et
1522 2214 1947 2293 incolumes!
2016 2215 2442 2291 Academiae
2483 2223 2762 2291 nostrae
2809 2216 2996 2293 salus
3041 2217 3240 2294 vobis
3279 2219 3380 2295 ita
3421 2243 3630 2297 curae

558 2334 889 2434 cordique
958 2360 1113 2411 esse
1184 2343 1433 2435 pergat
1450 2394 1471 2425 ,
1542 2342 1661 2425 ut,
1731 2336 1807 2409 in
1876 2335 2063 2411 vario
2110 2336 2640 2435 disciplinarum
2683 2360 2980 2435 genere,
3047 2337 3316 2415 litterae
3334 2398 3358 2429 ,
3406 2346 3592 2419 artes
3606 2396 3630 2429 ,

558 2454 788 2531 studia
804 2514 825 2545 ,
901 2463 1133 2531 vestro
1200 2480 1485 2556 quoque
1546 2455 2021 2531 moderamine
2042 2516 2064 2545 ,
2134 2455 2418 2555 vigeant
2479 2464 2552 2531 et
2609 2455 2936 2545 floreant,
3013 2464 3228 2557 atque
3297 2458 3634 2537 uberrimi

554 2576 714 2651 inde
774 2576 1051 2652 fructus
1110 2576 1187 2651 in
1242 2577 1539 2677 patriam
1593 2582 1903 2652 nostram
1963 2582 2037 2651 et
2082 2576 2484 2653 societatem
2540 2573 3008 2653 Christianam
3059 2578 3474 2655 redundent.
3524 2621 3632 2641 --

552 2694 871 2773 Dubium
934 2696 1157 2773 videri
1214 2697 1435 2797 possit
1453 2756 1477 2787 ,
1544 2704 1785 2773 utrum
1834 2696 1997 2772 'ribi
2040 2722 2133 2773 an
2174 2695 2382 2773 nobis
2429 2702 2710 2771 tantum
2749 2704 3163 2797 nostraeque
3205 2698 3632 2777 Academiae

554 2818 1051 2919 gratulandum
1124 2818 1257 2909 sit,
1324 2818 1455 2893 Vir
1506 2818 2021 2895 consultissime
2068 2841 2165 2893 AB
2218 2817 2615 2893 nomana!
2669 2816 2860 2915 quod
2901 2842 2990 2895 ex
3033 2818 3288 2895 illustri
3331 2819 3630 2895 Curato·

554 2962 712 3015 rum
750 2938 1047 3041 collegio
1088 2938 1321 3015 exiisti
1339 2997 1360 3029 ,
1410 2944 1495 3014 ιιι
1530 2938 1619 3015 iis
1636 2998 1657 3031 ,
1710 2936 1837 3038 qui
1880 2937 1981 3013 Te
2020 2937 2287 3015 socium
2322 2943 2399 3015 et
2435 2936 2772 3038 collegam
2819 2939 3326 3030 salutaverant,
3371 2938 3626 3017 dehinc

550 3061 829 3137 adesses
896 3060 990 3136 ab
1058 3061 1253 3136 actis.
1376 3060 1593 3140 Quod
1658 3059 1721 3135 si
1782 3057 2105 3138 nonnulli
2168 3058 2402 3134 mirati
2469 3064 2638 3136 sunt
2653 3115 2678 3150 ,
2725 3059 3084 3160 equidem
3151 3060 3346 3140 haud
3417 3085 3630 3160 parvo

548 3179 711 3256 'nihi
756 3182 939 3258 duco
984 3181 1233 3258 honori
1251 3239 1274 3271 ,
1322 3180 1516 3280 quod
1532 3239 1555 3270 ,
1604 3180 1835 3280 magis
1876 3180 1971 3256 ad
2018 3179 2261 3280 fruges
2299 3179 2528 3280 operis
2548 3239 2571 3270 ,
2621 3205 2838 3280 quam
2879 3181 2978 3257 ad
3015 3181 3296 3258 honoris
3341 3181 3634 3258 titulum

546 3301 913 3380 attendens
932 3362 955 3392 ,
1026 3301 1181 3378 aliis
1240 3301 1571 3401 prodesse
1592 3359 1615 3390 ,
1688 3325 1905 3402 quam
1972 3325 2289 3400 praeesse
2348 3299 2684 3376 maluisti.
2781 3302 2882 3378 Et
2939 3309 3126 3380 recte
3143 3360 3166 3392 ,
3216 3308 3300 3378 ιιι
3339 3303 3629 3402 opinor,

546 3423 775 3522 locum
842 3419 1317 3523 quem‘*=nunc
1380 3421 1771 3523 occupasti,
1844 3422 2024 3498 tanti
2086 3421 2257 3498 facis
2310 3427 2388 3497 et
2435 3419 2800 3510 aestimas,
2867 3429 2952 3497 ιιι
2994 3445 3284 3498 munere
3335 3445 3626 3520 operoso

546 3545 771 3645 magis
816 3543 1085 3634 ornari,
1146 3567 1361 3643 quam
1408 3543 1679 3620 onerari
1728 3541 1865 3618 tibi
1910 3543 2227 3618 videaris.
2327 3544 2536 3622 Quae
2585 3543 2744 3618 cum
2797 3542 2900 3618 ita
2949 3540 3124 3632 sint,
3173 3565 3624 3641 nequaquam

546 3671 651 3739 est
688 3665 1072 3740 verendum
1120 3688 1213 3739 ne
1258 3665 1361 3740 'I'e
1408 3664 1689 3740 relictae
1728 3671 1803 3739 et
1846 3669 2316 3740 commutatae
2360 3662 2548 3738 sedis
2589 3664 2962 3763 poeniteat.
3069 3661 3216 3738 Sed
3259 3685 3618 3762 speramus

544 3789 615 3858 et
674 3785 1095 3860 confidimus
1166 3784 1313 3860 fore
1377 3793 1461 3862 ut
1526 3785 1775 3862 eadem
1834 3783 2245 3885 approbatio
2304 3791 2522 3885 atque
2575 3784 2995 3861 existimatio
3009 3843 3030 3874 ,
3103 3809 3244 3884 qua
3300 3783 3622 3860 decessor

542 3911 709 3980 tuus
752 3904 1039 4005 gavisus
1080 3912 1220 3994 est,
1270 3906 1363 3982 ad
1402 3913 1661 3984 metam
1700 3914 1774 3981 et
1814 3929 2067 4006 rogum
2100 3929 2331 4006 usque
2372 3905 2474 3981 'lle
2515 3911 2889 3995 maneant,
2941 3903 3242 4005 'sibique
3271 3903 3618 3984 maximae

546 4023 685 4100 sint
731 4025 1299 4102 remunerationi.

636 4145 800 4222 Hoc
842 4170 1029 4222 anno
1064 4146 1245 4221 rude
1282 4145 1585 4222 donatus
1630 4154 1739 4222 est
1774 4147 2287 4248 Theologorum
2330 4145 2596 4222 ordinis
2641 4147 2940 4236 Nestor,
2989 4146 3098 4224 01.
3125 4169 3614 4238 annuamus,

545 4263 665 4364 qni
725 4263 958 4368 licet
934 4289 1079 4340 ram
1128 4287 1371 4340 mense
1409 4263 1790 4342 Februario
1840 4264 2456 4366 septuagesimum
2491 4267 2740 4344 aetatis
2787 4268 3253 4404 compleverat
3307 4291 3614 4358 annum,

542 4407 665 4482 pro
722 4358 1053 4474 iuvenili,
1120 4385 1249 4484 qui
1308 4385 1695 4478 senescenti
1752 4385 1937 4464 inest
1954 4446 1977 4478 ,
2042 4388 2277 4488 vigore
2334 4395 2550 4488 atque
2609 4389 2854 4466 ardore
2913 4389 2992 4464 in
3049 4386 3408 4464 tradendis
3463 4383 3625 4460 suis

542 4501 957 4580 lectionibus
1020 4505 1115 4580 ad
1171 4511 1433 4582 metam
1486 4529 1715 4606 usque
1778 4507 1989 4584 stadii
2044 4508 2452 4584 Arademici
2501 4509 2938 4610 pergenium
2985 4531 3138 4583 esse
3189 4505 3410 4582 duxit.
3507 4503 3608 4580 Et

540 4645 727 4700 nunc
788 4631 863 4700 et
924 4633 1133 4702 antea
1151 4685 1174 4717 ,
1238 4649 1466 4727 quum
1510 4635 1795 4706 vacante
1835 4627 2163 4706 cathedra
2212 4626 2480 4706 litteras
2531 4629 2868 4708 Arabicas
2913 4627 3256 4704 docendas
3299 4623 3484 4700 ultro
3525 4623 3604 4698 in

542 4767 617 4820 se
696 4753 1137 4847 susceperat,
1223 4769 1513 4824 munere
1595 4749 1831 4826 oblato
1899 4755 2183 4850 gratum
2250 4771 2418 4848 erga
2491 4757 3008 4850 praeceptorem
3077 4742 3614 4820 mmitissimum.

538 4864 850 4942 animum
919 4866 1278 4944 testificati
1342 4876 1521 4945 sunt
1578 4869 1925 4972 discipuli.
2022 4869 2119 4944 Et
2180 4893 2345 4946 sane
2401 4868 2660 4968 ingrati
2727 4869 2870 4944 sint
2917 4890 3203 4944 necesse
3261 4871 3370 4942 est
3385 4923 3408 4958 ,
3473 4864 3606 4967 qui

3113 4987 3264 5068 17·
