4730 6049
1028 621 1157 689 1⁷4
2221 624 2271 689 1.
2338 624 2394 690 1.
2467 623 2890 691 nomas

1026 856 1246 919 mere,
1321 830 1443 904 sed
1514 856 1556 905 a
1628 838 1813 904 certo
1872 831 2173 932 cognitis
2236 840 2307 905 et
2363 832 2743 931 perspicuis
2799 830 3326 931 progrediamur
3375 830 3466 904 ad
3517 854 3642 917 ea,
3693 852 3876 927 quae
3921 826 4090 903 inde

1027 951 1413 1027 necessaria
1468 951 1951 1027 consecutione
2014 952 2424 1029 efficiantur.
2523 952 2728 1027 Idem
2789 952 2923 1027 hoc
2987 950 3320 1027 memorie
3360 950 3451 1025 iis
3501 948 3890 1025 tenendum
3939 972 4092 1025 em

1030 1072 1203 1147 mibi
1256 1070 1565 1158 videtur,
1636 1071 1759 1169 qui
1819 1072 1907 1145 de
1960 1096 2255 1146 cnais'rt
2310 1073 2846 1171 praeexistentia
2900 1071 3244 1171 personali
3293 1070 3702 1170 perhibent,
3775 1069 4094 1169 ndogma

1026 1192 1286 1279 illud,”
1338 1200 1419 1265 ut
1460 1191 1657 1265 aiunt
1712 1192 2017 1267 urationi
2066 1194 2509 1268 reclamare.’'
2613 1196 2868 1269 Nonne
2919 1191 3394 1290 incipiendum
3439 1198 3547 1265 est
3591 1190 3683 1265 ab
3733 1190 3862 1279 iis.
3909 1214 4094 1288 quae

1034 1332 1261 1387 ursus*
1304 1312 1391 1385 de
1452 1336 1525 1385 se
1586 1311 1735 1410 ipse
1798 1313 2149 1411 professus
2194 1314 2353 1388 est?
2431 1313 2506 1388 Si
2553 1315 3162 1413 praeexistentiam
3203 1312 3461 1387 realem
3507 1311 3614 1385 vel
3658 1311 4092 1410 personalem

1034 1434 1168 1507 sibi
1232 1432 1385 1531 ipse
1453 1456 1592 1505 non
1661 1432 2015 1523 tribuerit,
2072 1433 2169 1508 ad
2220 1434 2357 1509 alis
2414 1444 2896 1521 transeamus3
2967 1430 3220 1532 quodsi
3265 1455 3425 1504 vero
3471 1429 3606 1504 sibi
3657 1432 3890 1530 ipsum
3935 1454 4093 1505 eam

1030 1554 1357 1629 tribuisse
1410 1577 1502 1627 ex
1552 1552 1773 1651 ipsius
1828 1554 2053 1629 verbis
2092 1562 2290 1653 petet
2315 1612 2336 1640 ,
2403 1555 2578 1653 quid
2625 1555 2910 1629 tandem
2955 1552 3209 1627 rationi
3253 1550 3631 1625 reclamat?
3703 1550 4092 1625 Consilium

1034 1674 1204 1751 mihi
1247 1673 1673 1760 attendenti,
1724 1697 1866 1771 quo
1912 1699 1953 1748 a
1998 1675 2203 1749 Patre
2251 1675 2325 1749 in
2375 1676 2720 1751 mundum
2771 1674 3034 1751 missus
3079 1681 3229 1764 est,
3277 1681 3360 1745 ut
3411 1671 3669 1745 scilicet
3713 1671 4092 1759 mediator,

1032 1795 1465 1895 redemptor,
1530 1807 1833 1869 servator
1892 1804 2115 1882 esset,
2180 1820 2308 1869 nos
2358 1821 2522 1870 cum
2581 1798 2732 1871 Deo
2785 1793 3272 1880 reconcilians,
3318 1817 3363 1866 >a
3411 1800 3693 1891 peccato
3743 1816 3872 1865 nos
3922 1790 4092 1865 libe·

1030 1940 1231 2002 rans,
1304 1938 1539 1987 secum
1602 1914 2007 1989 coniunctos
2079 1940 2210 1991 uos
2274 1917 2756 2004 sanctificans,
2827 1914 3118 1990 minime
3181 1912 3436 1986 mirum
3507 1910 3821 2000 videtur,
3867 1934 4095 1987 mauu

1036 2058 1411 2109 canlswu
1478 2033 1693 2109 fuisse
1758 2060 1971 2133 quem
2040 2061 2127 2109 ex
2194 2060 2351 2110 mea
2417 2036 2706 2136 quidem
2767 2034 3114 2109 sententia
3169 2058 3244 2107 se
3289 2056 3442 2107 esse
3495 2032 3645 2131 ipse
3683 2032 3906 2120 dixit,
3955 2054 4096 2105 non

1032 2154 1385 2229 hominem
1434 2160 1705 2229 tantum
1727 2212 1748 2242 ,
1797 2155 2351 2254 ἀναμάρτητον
2393 2157 2600 2231 illum
2623 2216 2646 2245 ,
2695 2181 2933 2231 verum
2979 2155 3190 2229 etiam
3245 2152 3378 2226 Dei
3419 2152 3678 2227 Filium
3701 2211 3720 2240 ,
3770 2151 3896 2251 qui
3933 2158 4096 2225 ante

1036 2274 1384 2349 mundum
1412 2274 1771 2349 conditum
1800 2277 1989 2373 apud
2020 2260 2299 2351 Patrem
2326 2275 2558 2351 fuerit.
2610 2278 2996 2351 Accuratae
3021 2274 3190 2349 haec
3213 2272 3718 2371 disquisitionis
3743 2272 4098 2372 indigent,

1038 2416 1246 2492 quam
1319 2394 1443 2493 qui
1510 2394 1883 2469 instituant
1944 2421 2063 2471 eos
2132 2409 2544 2495 experturos
2613 2406 2948 2484 autumo,
3011 2393 3308 2468 subinde
3372 2416 3497 2481 ea,
3565 2417 3744 2491 quae
3793 2392 4096 2481 primum

1034 2514 1285 2589 rationi
1345 2539 1732 2613 repugnare
1788 2516 2155 2591 videantur
2179 2576 2201 2605 ,
2248 2518 2577 2617 deinceps
2626 2516 2908 2617 penitus
2963 2514 3242 2613 cognita
3289 2521 3504 2611 atque
3545 2520 3904 2613 perspecta
3951 2534 4094 2587 ma-

1034 2658 1337 2734 gnopere
1390 2658 1465 2711 se
1518 2635 1765 2711 rationi
1810 2638 2297 2713 commendare
2344 2644 2564 2738 atque
2615 2639 2770 2737 ipsa
2815 2636 3100 2712 tandem
3145 2634 3418 2709 ratione
3465 2632 3920 2734 comprobari.

1130 2875 1464 2974 Superest
1510 2883 1589 2949 ut
1638 2882 1974 2953 tractetur
2022 2879 2339 2976 quaestio
2383 2878 2474 2953 de
2527 2879 2798 2955 critices
2853 2873 3312 2953 methodo.
3414 2872 3908 2973 Incipiendum
3949 2896 4100 2947 esse

1033 3020 1075 3070 a
1146 2994 1441 3094 singulis
1510 2995 1611 3070 rei
1675 2995 1765 3070 de
1847 3020 1988 3095 qua
2061 2983 2491 3097 disputatur‘
2529 2998 2904 3075 momentis
2952 2994 3429 3097 expendendis
3471 3002 3545 3070 et
3594 2992 4102 3083 diiudicandis,

1035 3139 1313 3190 monere
1390 3117 1503 3188 vix
1570 3141 1747 3213 opus
1812 3123 1942 3192 est.
2055 3120 2295 3197 Quam
2373 3119 2886 3196 accuratissime
2955 3125 3326 3217 cognosc-t
3385 3115 3672 3190 criticus
3737 3113 4102 3190 materiam

1033 3235 1193 3310 crisi
1262 3234 1787 3314 subiiciendam.
1888 3237 1962 3312 N
1962 3263 2001 3312 e
2072 3237 2219 3314 falli
2294 3265 2369 3317 se
2442 3239 2747 3338 patiatur
2828 3264 2914 3316 eo
2933 3297 2954 3326 ‚
3025 3236 3216 3336 quod
3283 3235 3604 3335 pluribus
3661 3235 3950 3324 aoeidit3
4011 3259 4104 3309 ne

1036 3353 1207 3432 κατ’
1259 3357 1451 3451 ὄψιν
1498 3356 1795 3434 iudicet!
1898 3359 2166 3434 Omnes
2214 3360 2458 3435 audiat
2508 3369 2724 3435 testes
2741 3395 2760 3450 ;
2813 3359 3044 3434 videat
3095 3357 3270 3456 quid
3313 3356 3416 3430 rei
3463 3364 3714 3432 natura
3761 3355 4100 3456 postulet;

1035 3486 1271 3552 caveat
1334 3503 1425 3554 ne
1484 3478 1949 3590 disiungends
2013 3480 2398 3555 confundet
2462 3491 2586 3556 aut
2645 3480 3006 3578 copulatas
3055 3476 3360 3552 divellat.
3461 3478 3548 3551 In
3597 3477 3890 3578 singulis
3944 3499 4104 3552 vero

1034 3599 1361 3674 materiae
1434 3601 1753 3698 pertibus
1820 3601 2374 3699 contemplandis
2443 3610 2516 3675 et
2581 3600 3020 3701 explorandis
3087 3621 3176 3672 ne
3208 3597 3326 3682 ,ita
3381 3597 3756 3687 subsistat,
3807 3605 3892 3672 ut
3947 3605 4098 3672 tan·

1034 3717 1197 3792 dem
1266 3743 1433 3815 pree
1502 3720 1818 3817 partibus
1892 3729 2120 3794 totum
2144 3779 2165 3808 ‚
2237 3745 2404 3820 prae
2465 3721 2832 3796 arboribus
2901 3719 3147 3794 silvam
3207 3717 3568 3792 attendere
3631 3717 4100 3793 obliviscatur.

1034 3831 1451 3934 Disquisitio
1515 3839 2268 3940 discursivo·analytica
2288 3901 2307 3930 ,
2387 3851 2474 3916 ut
2543 3842 2959 3917 recentiores
3027 3839 3274 3913 dicunt
3295 3897 3318 3928 ,
3391 3839 3760 3938 praecedat
3817 3838 4102 3913 omnino

1036 3979 1317 4032 necesse
1382 3965 1531 4044 est;
1600 3959 1799 4033 facile
1860 3969 2101 4036 autem
2162 3961 2255 4036 ad
2300 3963 2760 4037 atomisticam
2802 3983 3035 4036 rerum
3079 3959 3556 4034 metationem
3605 3981 3760 4034 eam
3805 3959 4060 4034 ducere
4076 4015 4101 4046 ,

1038 4077 1198 4177 quis
1246 4086 1355 4152 oet
1400 4079 1569 4178 quin
1612 4080 1993 4156 concedat?
2093 4081 2180 4154 In
2218 4080 2778 4156 circimieeentis
2825 4079 3047 4179 igitur
3079 4076 3266 4152 oculi
3309 4077 3782 4154 coniiciantur.
3885 4075 4102 4156 Quod

1035 4197 1403 4299 prudentis
1457 4199 1851 4300 interpretis
1915 4210 2023 4276 est
2043 4261 2062 4290 ,
2128 4201 2442 4301 itemque
2505 4225 2748 4275 eorum
2770 4257 2791 4288 ‚
2841 4198 2966 4298 qui
3011 4204 3284 4278 textum
3335 4205 3646 4272 veterum
3685 4197 4102 4296 scriptorum

1038 4319 1463 4410 restituunt,
1510 4321 1687 4396 illud
1736 4345 2123 4421 numquam
2166 4347 2305 4396 non
2354 4322 2580 4396 cuivis
2623 4319 2898 4394 criticae
2943 4343 3224 4420 operam
3265 4317 3464 4392 danti
3505 4316 3870 4392 incumbit.
3953 4316 4102 4396 Qui

1038 4447 1225 4514 recte
1271 4439 1361 4514 de
1398 4464 1728 4539 germana
1772 4442 2068 4518 lectiam
2110 4441 2420 4516 iudicare
2463 4447 2706 4516 amant
2731 4445 3140 4516 contendam
3181 4438 3540 4514 attendere
3585 4438 3810 4513 solent
3849 4437 4098 4513 oratio-

1040 4583 1203 4634 nem
1220 4617 1243 4649 ,
1292 4583 1505 4657 quam
1552 4560 1927 4636 consulunt
1974 4563 2188 4638 etiam
2238 4561 2363 4662 qui
2422 4562 2826 4660 scriptorem
2877 4559 3057 4636 bene
3104 4559 3490 4659 intelligens
3531 4557 3844 4636 student.
3943 4557 4100 4633 Iam

1037 4701 1199 4754 vero
1268 4678 1551 4756 historia
1612 4706 1895 4780 quoque
1960 4707 2163 4756 snam
2216 4682 2430 4757 habet
2473 4683 2859 4757 orationem
2905 4681 3332 4756 contextam!
3431 4677 3630 4758 Quid
3646 4737 3667 4768 ‚
3717 4676 3910 4778 quod
3958 4699 4098 4752 non

1034 4796 1235 4872 facile
1298 4797 1375 4874 in
1438 4799 1709 4876 critices
1774 4800 2065 4877 materia
2135 4801 2526 4902 quidquam
2573 4802 2922 4892 invenies,
2972 4801 3164 4902 quod
3207 4823 3348 4876 non
3389 4823 3556 4876 cum
3603 4798 3740 4874 alio
3787 4797 4096 4898 quodem
