4730 6049
1080 664 1215 734 320
2029 608 2035 614 ’
2206 660 2279 728 Β.
2341 662 2395 728 1.
2465 659 2994 725 causus

1077 877 1595 971 conquassatae.
1700 868 1935 967 Ipsius
2003 868 2178 944 adeo
2248 866 2323 941 in
2393 865 2826 942 elaborandis
2889 867 3027 943 illis
3077 867 3554 967 rogationibus
3574 926 3596 957 ,
3653 891 3836 967 quae
3887 866 4140 942 deinde

1075 993 1153 1066 in
1195 991 1499 1066 codicem
1539 988 1899 1088 poenalem
1938 987 2394 1063 Borussicum
2431 995 2502 1061 et
2545 987 2774 1086 legem
2807 986 3224 1062 cambialem
3263 987 3750 1063 Germanicam
3781 985 4142 1076 abierunt,

1080 1121 1312 1212 partes
1360 1133 1653 1208 magnae
1700 1109 2010 1185 fuerunt.

1178 1231 1319 1304 Sed
1384 1238 1624 1305 contra
1686 1228 1876 1328 leges
1944 1227 2085 1302 iam
2158 1225 2346 1300 iusto
2417 1248 2544 1300 suo
2597 1224 2841 1300 haberi
2879 1223 3102 1324 pretio
3153 1223 3476 1321 inprimis
3529 1246 3816 1300 savum
3855 1223 4144 1322 eiusque

1076 1349 1531 1426 sectatoribus
1584 1347 1899 1423 debetur.
2000 1348 2231 1420 Nemo
2275 1345 2419 1420 iam
2435 1403 2456 1433 ,
2506 1351 2589 1418 ut
2633 1344 3026 1419 Minervam
3073 1368 3116 1418 e
3162 1345 3352 1418 Iovis
3401 1343 3683 1420 cerebro
3732 1352 3972 1420 natam
4015 1346 4144 1418 fin-

1074 1471 1339 1572 gebant
1386 1469 1657 1567 antiqui
1676 1527 1697 1557 ,
1768 1468 1866 1541 sic
1924 1467 2078 1541 iura
2130 1491 2171 1540 e
2216 1465 2666 1565 Legislatoris
2720 1463 2882 1539 oriri
2925 1471 3162 1539 mente
3204 1464 3508 1563 putabit.
3613 1464 3782 1540 Iura
3841 1464 4144 1564 vigentia

1078 1590 1414 1678 describi,
1482 1589 1595 1663 hic
1650 1588 1790 1662 illic
1856 1587 2117 1662 mutari
2165 1594 2238 1661 et
2284 1585 2642 1660 emendari
2661 1643 2682 1674 ‚
2748 1609 2890 1659 non
2937 1583 3154 1659 creari
3207 1608 3410 1683 posse
3461 1583 3793 1659 omnibus
3837 1591 3946 1658 est
3991 1608 4144 1684 per-

1074 1735 1384 1786 suasum.
1458 1709 1555 1782 Et
1594 1707 1982 1806 Legislator
2029 1728 2195 1779 suae
2247 1704 2498 1779 aetatis
2544 1703 2792 1801 suique
2843 1702 3087 1801 populi
3130 1710 3240 1775 est
3272 1704 3661 1802 progenies.
3761 1703 3916 1778 Nec
3968 1727 4145 1802 quae

1077 1857 1121 1906 a
1169 1828 1453 1930 privatis
1492 1826 1854 1927 'proposita
1902 1825 2099 1900 fatua
2144 1825 2534 1922 stolidaque
2588 1821 2912 1898 habenda
2931 1881 2952 1910 ‚
3018 1847 3062 1896 a
3104 1820 3532 1921 Legislatore
3575 1822 3930 1922 proposita
3946 1881 3967 1910 ‚
4017 1821 4142 1896 mi-

1074 1953 1309 2030 raculo
1377 1950 1683 2050 quodam
1702 2008 1723 2038 ,
1782 1955 1987 2023 cauta
2034 1955 2109 2022 et
2161 1945 2438 2021 solertia
2489 1943 2819 2019 evadunt.
2921 1941 3156 2042 Igitur
3199 1966 3380 2039 quae
3429 1967 3596 2016 suae
3639 1941 3887 2016 aetatis
3935 1940 4144 2016 IOtos

1072 2073 1400 2172 fugiunt,
1466 2070 1952 2144 institutorum
2023 2067 2285 2167 quibus
2351 2073 2651 2139 utuntur
2707 2062 2956 2137 intima
3007 2069 3258 2137 natura
3315 2071 3388 2136 et
3440 2062 3726 2136 latentia
3771 2061 4144 2162 principia,

1074 2193 1359 2292 fugiunt
1425 2190 1635 2265 etiam
1697 2188 2181 2288 Legislatores.
2285 2186 2578 2284 Saepius
2644 2189 2884 2258 autem
2947 2183 3210 2282 fugisse
3261 2189 3335 2257 et
3385 2181 3978 2281 subsequentibus
4029 2182 4145 2255 de-

1070 2337 1265 2387 mum
1338 2309 1685 2386 aetatibus
1746 2307 2134 2382 innotuisse
2155 2364 2176 2394 ,
2247 2305 2335 2380 de
2408 2304 2744 2379 Romanis
2793 2303 2968 2378 adeo
3019 2301 3214 2376 ICtis
3263 2301 3540 2401 egregie
3591 2303 3848 2376 nostris
3897 2300 4147 2376 diebus

1073 2432 1393 2533 probavit
1461 2452 1801 2505 mnan-ze.
1901 2429 2154 2526 Neque
2220 2427 2443 2526 igitur
2511 2449 2554 2498 a
2615 2424 3085 2522 Legislatore‚
3161 2422 3388 2521 magis
3457 2447 3672 2521 quam
3719 2422 4032 2498 moribus
4079 2430 4148 2494 et

1070 2549 1695 2628 consuetudinibus
1761 2547 1917 2623 iura
1982 2545 2509 2622 constituuntur
2574 2566 2847 2641 semper
2915 2543 3294 2617 deliberato
3315 2599 3336 2630 ,
3401 2541 3840 2618 considerato
3889 2549 3962 2616 et
4010 2541 4146 2616 dis-

1067 2671 1286 2747 tincto
1344 2668 1623 2744 iudicio.
1723 2667 1836 2742 Ne
1889 2665 2175 2742 latentia
2233 2664 2351 2739 illa
2403 2662 2742 2763 principia
2793 2661 3187 2760 opprimat,
3247 2687 3340 2738 ne
3389 2662 3680 2737 latentia
3720 2663 3840 2738 illa
3887 2664 4148 2738 semina

1068 2792 1477 2890 extinguat,
1528 2787 1772 2862 sedulo
1825 2794 2064 2861 caveat
2112 2785 2528 2885 Legislator.
2632 2781 3072 2856 Verecundia
3121 2782 3339 2882 igitur
3391 2789 3462 2858 et
3507 2783 3894 2858 reverentia
3939 2808 4147 2882 quae-

1065 2910 1231 2986 dam
1302 2908 1601 2983 debetur
1663 2905 2010 3006 praesenti
2080 2905 2253 2980 iuris
2324 2903 2563 2980 statui.
2664 2901 3050 2977 Peculiaria
3102 2927 3269 2977 suae
3316 2902 3550 3003 gentis
3599 2903 3926 2976 instituta
3947 2961 3968 2991 ,
4015 2903 4150 2986 nisi

1066 3030 1273 3131 plane
1341 3029 1705 3103 demortua
1726 3084 1747 3115 ,
1814 3026 1952 3100 nisi
2008 3023 2452 3124 popularium
2498 3021 2944 3123 opinionibus
2989 3023 3129 3098 iam
3174 3021 3382 3122 plane
3429 3022 3565 3099 alia
3619 3021 4146 3099 dictitantibuss

1066 3150 1377 3251 prudens
1441 3148 1725 3246 suisque
1792 3145 2061 3221 viribus
2131 3169 2273 3219 non
2338 3144 2643 3220 nimium
2691 3142 3048 3221 confidens
3096 3166 3240 3217 non
3290 3142 3492 3217 facile
3547 3141 3852 3217 mutabit
3903 3142 4142 3241 Legis-

1069 3269 1267 3344 lator.
1369 3266 1510 3342 Sed
1550 3274 1658 3341 est
1708 3290 1993 3365 quoque
2036 3264 2428 3365 periculum
2470 3289 2557 3339 ne
2607 3263 2908 3338 nimium
2949 3262 3094 3337 suis
3139 3261 3409 3336 diffidat
3447 3260 3712 3336 viribus
3730 3320 3752 3351 ,
3801 3286 3892 3337 ne
3914 3262 4146 3337 omnia

1069 3396 1145 3465 et
1208 3388 1571 3463 demortua
1624 3386 1743 3462 illa
1812 3386 2041 3484 capita
2098 3392 2486 3460 conservet.
2589 3384 2703 3459 Sic
2770 3406 2936 3457 sane
3000 3381 3118 3457 illa
3169 3380 3615 3457 incommoda
3665 3382 3902 3457 omnia
3921 3441 3944 3472 ,
3993 3381 4142 3481 qui-

1068 3508 1209 3585 bus
1258 3508 1371 3582 ius
1415 3505 1756 3606 premitur
1802 3505 2181 3603 positivum
2201 3562 2223 3593 ,
2272 3505 2374 3579 ita
2423 3509 2892 3602 aggravantur
2909 3561 2930 3591 ‚
2981 3510 3064 3577 ut
3109 3502 3350 3601 legum
3389 3501 3684 3576 istarum
3706 3560 3728 3591 ,
3777 3500 4144 3575 Persarum

1071 3628 1589 3726 Medorumque
1618 3624 1829 3701 modo
1876 3648 2001 3724 per
2041 3622 2315 3699 saecula
2362 3622 2535 3699 imm
2543 3630 2894 3697 utatarum
2915 3680 2936 3711 ,
2983 3621 3234 3721 iugum
3279 3621 3420 3697 iam
3464 3616 3896 3696 intolerabile
3945 3621 4010 3695 vi
4053 3619 4142 3695 ab

1072 3748 1247 3823 irato
1314 3746 1703 3822 excutiatur
1759 3744 2039 3844 populo,
2140 3743 2418 3842 Legum
2477 3742 2699 3841 igitur
2759 3740 3059 3816 conditis
3123 3738 3484 3816 codicibus
3545 3740 3718 3815 iuris
3773 3762 4020 3815 cursus
4073 3743 4146 3813 et

1074 3890 1479 3966 progressus
1524 3889 1653 3940 nec
1696 3864 1849 3939 sisti
1889 3869 2122 3964 potest
2166 3886 2295 3937 nec
2344 3862 2633 3937 sistitur.
2736 3862 2892 3935 Nec
2936 3859 3237 3934 conditis
3281 3859 3418 3935 illis
3467 3859 3706 3960 legum
3747 3858 4102 3934 codicibus
4118 3915 4139 3946 ,

1074 3987 1217 4062 iam
1285 4010 1492 4061 omne
1560 3967 1957 4060 continetur
2010 3990 2085 4059 et
2148 3980 2762 4081 comprehenditur
2821 3980 2935 4054 ius
2956 4037 2978 4070 ‚
3043 3979 3167 4054 sed
3217 3987 3510 4055 manant
3557 4002 3896 4079 perennes
3937 3975 4144 4052 ceteri

1077 4130 1357 4206 quoque
1408 4104 1583 4179 iuris
1642 4104 1890 4181 fontes.
1993 4101 2554 4179 consuetudinis
2573 4159 2595 4190 ,
2663 4098 3018 4176 doctrinae
3067 4109 3142 4175 et
3186 4099 3780 4200 Iurisprudentiae
3828 4122 3968 4173 non
4013 4097 4139 4173 mi·

1076 4250 1242 4315 nor,
1313 4214 1663 4301 doctrinae
1727 4232 1801 4300 et
1861 4224 2091 4324 Iptiae
2162 4222 2384 4298 maior
2451 4220 2625 4297 adeo
2697 4228 2805 4296 est
2877 4244 3072 4295 usus.
3168 4220 3460 4296 Frustra
3517 4220 3736 4320 igitur
3790 4227 4138 4319 speratur,

1076 4346 1315 4447 legum
1373 4345 1669 4423 conditis
1740 4343 2100 4420 codicibus
2160 4341 2337 4417 iuris
2410 4340 2816 4416 addiscendi
2836 4397 2857 4428 ,
2919 4338 3239 4430 dicendi,
3287 4340 3714 4439 exsequendi
3761 4337 4142 4439 simplicius

1076 4465 1488 4566 faciliusque
1536 4466 1735 4541 reddi
1784 4488 2067 4540 munus.
2098 4454 2117 4469 ’
2701 4455 2707 4461 ’

1179 4587 1432 4685 Itaque
1498 4584 1809 4685 egregrie
1878 4583 2112 4658 schola
2181 4581 2509 4658 historica
2577 4580 2668 4657 de
2733 4572 3008 4658 nostrae
3079 4578 3434 4655 doctrinae
3496 4578 3648 4653 loco
3713 4578 3838 4679 qui
3891 4585 4001 4654 est
4055 4578 4144 4653 de

1081 4702 1357 4801 legibus
1379 4761 1401 4792 ,
1462 4702 1798 4778 meruisse
1864 4698 2159 4777 dicenda
2220 4706 2347 4775 est.
2450 4699 2600 4774 Nec
2660 4699 2928 4774 minora
2973 4698 3048 4773 in
3109 4690 3438 4775 universo
3483 4701 3572 4775 de
3613 4700 3788 4775 iuris
3835 4698 4144 4774 fontibus

1082 4822 1235 4897 loco
1276 4821 1623 4897 elaborato
1670 4821 1935 4898 merita.
2038 4822 2151 4899 De
2192 4844 2333 4921 quo
2360 4820 2493 4896 hoc
2519 4819 2662 4897 iam
2691 4819 3042 4896 monuisse
3069 4820 3368 4897 sufficiat
3395 4842 3719 4910 savum,
3767 4840 4142 4906 rucnru,
