4730 6049
1110 673 1199 739 58
1842 769 1855 799 Ι
2214 677 2266 742 1.
2332 675 2408 744 E.-
2475 673 3049 743 Gounsm'r

1110 902 1291 980 quae
1363 880 1437 955 in
1504 905 1588 956 eo
1652 881 1930 958 elucent
1989 882 2309 972 virtutes,
2379 883 2560 959 colat
2577 942 2600 973 ,
2649 883 3008 975 observet,
3055 909 3136 960 ac
3177 883 3461 984 diligat,
3511 892 3584 958 et
3627 891 3699 960 te
3717 942 3737 973 ,
3781 885 3888 962 01.
3939 907 4162 974 cocu,

1109 1001 1226 1076 cui
1295 1001 1395 1092 si,
1466 1009 1546 1078 ut
1613 1001 1787 1077 mihi
1855 1002 2213 1092 blandior,
2276 1027 2416 1078 non
2469 1027 2750 1104 prorsus
2789 1003 3229 1103 improbatus
3273 1004 3378 1079 fui
3421 1003 3848 1104 discipulus„
3899 1004 4164 1080 utinam

1106 1129 1433 1220 acceptus
1474 1122 1609 1198 sim
1660 1122 1963 1221 collega!

1204 1241 1343 1330 Te,
1414 1242 1521 1318 Cl.
1599 1265 1749 1316 vm
1811 1265 2081 1332 assurt,
2124 1268 2287 1318 cum
2340 1244 2654 1334 intueor,
2705 1244 3009 1320 maxima
3051 1243 3431 1343 perfundor
3467 1245 3751 1321 laetitia.
3849 1245 4164 1320 Primum

1107 1360 1292 1435 enim
1369 1361 1500 1441 tibi
1570 1362 1865 1437 succedo
1935 1363 2037 1437 ita
2104 1389 2406 1464 corpore·
2455 1366 2827 1464 animoque
2899 1364 3199 1463 vigenti,
3251 1371 3334 1440 ut
3381 1365 3750 1440 cathedrae
3801 1373 3966 1440 tuae
4009 1388 4162 1464 pos-

1104 1481 1353 1570 sessio,
1415 1506 1507 1557 ne
1576 1491 1931 1558 momento
2002 1484 2288 1581 quidem
2346 1484 2738 1584 interrupta
2795 1484 3134 1583 quasique
3189 1484 3428 1560 iuncta
3470 1485 3562 1560 ad
3608 1508 3742 1558 nos
3795 1484 4162 1558 transitura

1103 1601 1215 1678 sit.
1315 1602 1589 1677 Deinde
1662 1603 1793 1677 tibi
1866 1603 2161 1676 succedo
2234 1604 2333 1678 ita
2389 1629 2530 1679 non
2579 1604 2836 1693 invite,
2889 1613 2969 1678 ut
3013 1603 3074 1678 si
3127 1605 3232 1678 uti
3282 1605 3569 1703 legassis
3621 1629 3828 1703 super
3874 1627 4160 1678 munere

1100 1729 1222 1796 tuo
1243 1780 1264 1812 ,
1314 1723 1411 1798 ita
1455 1724 1569 1798 ius
1612 1723 1896 1812 fuisset,
1948 1747 2061 1796 me
2110 1724 2169 1797 si
2214 1749 2354 1799 non
2413 1735 2498 1800 ex
2552 1750 2704 1800 asse
2753 1769 2852 1785 -
2893 1723 3102 1798 nimis
3148 1747 3356 1823 grave
3395 1724 3526 1798 tibi
3583 1724 3948 1798 videbatur
3987 1747 4160 1798 onus

1098 1841 1595 1919 hereditarium
1654 1887 1759 1902 —
1820 1850 2004 1917 certe
2052 1867 2137 1916 ex
2182 1844 2468 1920 semisse
2515 1845 2935 1921 instituisses
2985 1843 3332 1918 heredem.
3438 1846 3670 1923 Quem
3695 1901 3716 1931 ,
3753 1844 4162 1942 Praeceptor

1097 1960 1745 2036 Aestumatissime!
1804 1967 1887 2034 tu
1940 1969 2011 2035 te
2062 1962 2468 2060 praestitisti
2515 1963 2770 2053 literis,
2822 1963 3242 2039 Academiae
3261 2021 3282 2052 ‚
3335 1963 3694 2063 discipulis
3713 2021 3734 2052 ‚
3785 1988 3872 2037 ex
3905 1983 4022 2036 me
4063 2005 4160 2022 -

1053 2174 1063 2181 ·
1100 2081 1225 2180 qui
1268 2089 1547 2155 tantum
1592 2080 1721 2155 tibi
1766 2080 1987 2155 debeo
2036 2125 2139 2145 —
2177 2107 2317 2157 non
2364 2083 2644 2172 audies,
2695 2109 2778 2158 eo
2821 2083 3092 2171 minus,
3144 2083 3334 2182 quod
3385 2085 3590 2183 quale
3640 2085 3727 2158 de
3773 2089 3846 2157 te
3891 2082 3980 2157 ab
4033 2083 4150 2158 ha-

1092 2225 1252 2276 rum
1325 2227 1559 2276 rerum
1620 2199 1970 2276 iudicibus
2039 2201 2259 2277 fertur
2325 2203 2664 2279 iudicium
2687 2262 2708 2292 ,
2773 2212 3020 2278 notum
3081 2203 3213 2277 tibi
3273 2204 3438 2280 fecit
3489 2204 3679 2279 haud
3729 2204 3830 2278 ita
3883 2201 4146 2302 pridem

1092 2321 1271 2396 alius
1311 2328 1477 2396 tuus
1524 2321 1949 2420 discipulae,
1999 2346 2114 2396 me
2154 2347 2318 2398 cum
2367 2332 2593 2398 aetate
2637 2331 2793 2397 tum
2838 2323 3244 2402 auctoritate
3301 2325 3653 2424 superior,
3717 2324 3970 2397 Curiae
4023 2323 4150 2397 Su·

1089 2465 1369 2539 premae
1414 2442 1489 2515 in
1539 2443 1761 2542 patria
1810 2453 2044 2517 nostra
2092 2442 2402 2519 PraeseS.
2501 2459 2510 2468 ·

1182 2561 1271 2634 Ιιι
1333 2586 1445 2636 me
1509 2561 1755 2638 collata
1818 2561 2151 2637 beneficia
2224 2563 2285 2636 si
2354 2587 2758 2639 enumerare
2829 2561 3030 2637 velim
3053 2621 3074 2652 ‚
3141 2563 3292 2638 dies
3357 2589 3470 2638 me
3535 2563 3834 2637 deficiat.
3949 2561 4147 2635 Iuve-

1082 2703 1245 2756 nem
1292 2705 1442 2770 me,
1491 2682 1605 2757 vix
1646 2683 1943 2780 pueritia
1988 2709 2386 2784 egressum,
2434 2686 2682 2761 rudem
2732 2682 2960 2760 adhuc
3007 2691 3080 2758 et
3122 2683 3398 2783 inopem
3421 2742 3443 2773 ,
3495 2682 3798 2758 consiliis
3845 2679 3986 2754 tuis
4028 2681 4144 2754 ad·

1081 2801 1359 2891 iuvisti,
1433 2801 1867 2878 humanitate
1932 2812 2059 2880 tua
2130 2804 2580 2893 sustentasti,
2658 2802 2746 2880 de
2809 2828 2924 2878 me
2987 2803 3140 2902 ipso
3192 2827 3284 2878 ne
3333 2804 3770 2902 desperarem
3823 2798 4142 2886 effecisti;

1081 2923 1472 2999 studiorum
1538 2932 1775 3000 autem
1835 2925 2151 3019 ardorem
2170 2983 2191 3014 ‚
2262 2949 2476 3023 quem
2537 2926 2612 2999 in
2673 2949 2788 2999 me
2850 2923 2978 2998 tibi
3027 2922 3422 3022 conspicere
3467 2921 3810 2998 videbaris
3828 2980 3849 3009 ,
3899 2921 4000 2995 ita
4041 2919 4144 2994 in-

1079 3043 1453 3119 flammasti
1524 3055 1596 3119 et
1662 3045 2021 3133 excitasti,
2095 3053 2179 3119 ut
2242 3045 2380 3120 nisi
2449 3070 2728 3145 prorsus
2783 3046 3036 3121 obtuso
3085 3045 3371 3121 fuissem
3416 3044 3698 3144 ingenio
3718 3092 3740 3133 ,
3791 3042 3906 3115 vix
3953 3040 4145 3117 aliter

1078 3164 1233 3238 fieri
1293 3166 1637 3265 potuerit,
1706 3166 1878 3264 quin
1939 3166 2556 3265 iurisprudeutiam
2627 3168 3015 3241 Romanam
3037 3225 3056 3255 ,
3127 3165 3241 3241 cui
3302 3190 3416 3239 me
3479 3163 3965 3239 adstrinxisses
3984 3218 4004 3248 ,
4069 3159 4143 3233 in

1078 3285 1371 3359 summis
1412 3285 1674 3360 deliciis
1716 3285 2065 3363 haberem.
2172 3287 2323 3361 Nec
2373 3286 2752 3362 Academia
2803 3287 3073 3375 relicta,
3124 3310 3238 3360 me
3279 3312 3322 3359 a
3369 3286 3582 3360 latere
3621 3291 3743 3357 tuo
3778 3280 4137 3368 dimisisti,

1075 3405 1200 3480 sed
1260 3428 1423 3479 cum
1490 3430 1636 3481 sors
1706 3406 1990 3496 tulerat,
2066 3416 2147 3482 ut
2211 3407 2359 3484 foro
2427 3433 2542 3483 me
2602 3408 3020 3483 destinarem
3079 3411 3152 3481 et
3212 3430 3378 3481 cura
3442 3412 3510 3478 te
3569 3402 4004 3490 sollicitaret,
4053 3424 4138 3473 ne

1069 3524 1367 3624 negotiis
1434 3525 1791 3601 districtus
1858 3553 1899 3601 a
1971 3528 2189 3602 literis
2260 3528 2773 3628 peregrinarer,
2843 3527 3117 3603 nullum
3190 3525 3332 3601 fere
3403 3522 3837 3601 intermisisti
3913 3520 4094 3597 diem
4114 3578 4134 3608 ,

1074 3645 1244 3743 quin
1304 3645 1393 3719 iis
1455 3646 1712 3745 quibus
1771 3655 1852 3722 tu
1904 3649 2091 3723 solus
2144 3648 2253 3722 uti
2308 3648 2440 3722 scis
2493 3646 2872 3736 illecebris,
2940 3671 3054 3721 me
3107 3647 3199 3723 ad
3242 3646 3570 3744 pristinos
3629 3667 3896 3719 amores
3941 3664 4134 3717 revo-

1072 3788 1261 3839 cares
1280 3798 1300 3853 ;
1366 3773 1439 3841 et
1503 3792 1723 3864 quum
1784 3766 2085 3867 denique
2126 3769 2418 3844 instaret
2475 3777 2794 3867 tempuS,
2859 3791 2999 3866 quo
3041 3775 3110 3841 te
3159 3791 3447 3841 munere
3489 3773 3614 3839 tuo
3659 3764 3980 3838 abdicare
4022 3760 4132 3835 lex

1072 3895 1386 3983 cogeret,
1453 3911 1591 3961 non
1652 3896 1927 3963 tantum
1983 3888 2213 3987 palam
2280 3890 2633 3988 professus
2697 3914 2811 3976 ee,
2869 3887 3001 3963 tibi
3053 3887 3154 3962 nil
3194 3888 3502 3987 optatius
3551 3886 3738 3972 fore,
3789 3906 4000 3982 quam
4057 3887 4136 3954 ut

1072 4005 1471 4080 cathedram
1530 4031 1741 4104 quam
1794 4017 1873 4082 tu
1924 4008 2367 4095 honorasses‚
2421 4032 2552 4106 ego
2597 4006 3088 4082 adscenderem
3109 4064 3129 4093 ‚
3181 4006 3306 4080 sed
3353 4013 3432 4079 ut
3479 4004 3618 4077 voti
3671 4001 3811 4076 mei
3851 4022 4130 4097 compos

1074 4126 1313 4200 fierem
1333 4183 1354 4214 ,
1392 4152 1473 4200 ea
1510 4152 1650 4225 qua
1680 4128 1870 4224 apud
1908 4128 2205 4202 civitatis
2246 4127 2590 4226 principes
2621 4126 2836 4225 polles
2878 4126 3290 4201 auctoritate
3311 4185 3330 4214 ,
3369 4123 3798 4226 perpetrasti.
3843 4119 4128 4193 Utinam

1077 4245 1275 4343 Deus
1314 4253 1384 4319 te
1428 4246 1553 4320 diu
1593 4253 1814 4320 servet
1856 4246 2276 4321 incolumem
2313 4248 2582 4346 tibique
2625 4246 2958 4346 largiatur
2993 4254 3420 4323 senectutem
3461 4244 3802 4345 placidam
3827 4300 3848 4329 ,
3887 4241 4128 4314 iucun-

1079 4365 1237 4439 dam
1262 4423 1282 4454 ‚
1346 4364 1479 4439 tibi
1548 4366 1841 4464 aliisque
1900 4366 2348 4442 fructuosam.
2447 4368 2740 4440 Maneas
2787 4366 2997 4456 mihi,
3067 4377 3136 4441 te
3191 4367 3499 4440 obtestor
3544 4370 3756 4460 atque
3811 4360 4126 4445 obsecro,

1074 4485 1415 4575 hortator,
1485 4487 1815 4576 monitor,
1882 4512 2125 4561 eorum
2194 4512 2374 4585 quae
2439 4512 2570 4587 ago
2645 4486 3041 4561 observator
3099 4493 3172 4561 et
3222 4493 3456 4561 custos
3475 4518 3493 4572 ;
3563 4483 3780 4557 addas
3833 4478 4128 4577 denique

1074 4606 1165 4680 ad
1225 4631 1478 4705 magna
1533 4632 1613 4681 ac
1662 4608 1883 4682 multa
1934 4608 2021 4682 de
2071 4632 2187 4681 me
2232 4607 2519 4694 merita,
2575 4606 2762 4680 hunc
2811 4608 3210 4695 cumulum,
3265 4614 3344 4680 ut
3389 4628 3512 4705 per
3561 4610 3631 4677 te
3675 4603 3907 4703 ipsum
3961 4600 4126 4685 fiat,

1074 4750 1215 4823 quo
1260 4726 1497 4800 minus
1543 4726 1875 4827 indignus
1926 4726 2059 4801 tibi
2109 4727 2343 4801 videar
2391 4728 2778 4817 successor!

1170 4842 1315 4919 Vos
1353 4846 1459 4920 cl.
1502 4866 1599 4919 nn
1634 4871 1799 4921 ΨΜ,
1845 4852 1915 4921 et
1960 4830 2396 4935 vlsszamo,
2441 4854 2915 4946 praeceptores
2958 4845 3212 4921 habere
3261 4870 3402 4919 nou
3443 4841 3772 4941 contigit,
3824 4838 3946 4915 sed
3994 4836 4127 4911 alia
