4730 6049
1584 1088 1592 1096 ’
1673 1068 1678 1085 '
1774 1108 2226 1215 ACTA
2341 1112 2543 1215 ET
2652 1114 3230 1221 GE'STA

1154 1416 1262 1479 IN
1317 1416 2010 1527 OQNVENTIBUS
2066 1422 2641 1489 CLARISSIMI
2696 1425 3103 1489 ORDINIS
3157 1424 3863 1489 PROFESSORUM

1451 1699 1947 1781 ATHENAEI
2002 1702 2521 1785 ILLUSTRIS
2570 1700 3571 1803 AMSTELODAMENsls,

2103 2002 2330 2066 ANNO
2372 2004 2893 2069 CIOIOCCCLIX.

979 2678 1117 2756 Die
1185 2682 1280 2757 29
1331 2704 1425 2757 m.
1482 2679 1744 2781 Aprilis
1800 2678 1968 2755 ordo
2019 2680 2358 2772 decrevit,
2412 2690 2491 2757 ut
2550 2683 2825 2759 libellus
2876 2684 3167 2785 supplex
3212 2682 3607 2759 mitteretur
3651 2679 4045 2757 Ordinibus

1323 2799 1525 2901 regni
1564 2799 2060 2889 GeneralibuS,
2104 2801 2196 2875 ad
2237 2801 2789 2903 impugnandam
2821 2805 3249 2905 rogationem
3292 2802 3382 2877 de
3416 2826 3493 2877 re
3529 2800 3837 2893 medica,
3864 2826 4045 2901 quo-

1327 2920 1518 2995 niam
1587 2920 1660 2995 in
1725 2947 1806 2997 ea
1874 2919 2187 2995 studium
2243 2920 2761 3020 disciplinarum
2816 2922 3258 3022 physicarum
3320 2946 3463 2997 non
3517 2920 3894 3021 requiritur
3948 2920 4045 2997 ab

1324 3040 1450 3133 iis,
1501 3041 1626 3141 qui
1677 3040 2060 3118 medicinae
2102 3066 2383 3142 operam
2429 3042 2662 3142 daturi
2710 3051 2895 3121 sunt.

981 3279 1118 3354 Die
1185 3281 1277 3356 25
1329 3305 1424 3356 m.
1486 3281 1680 3355 Iunii
1734 3283 1903 3356 ordo
1956 3282 2153 3383 luget
2204 3282 2477 3358 obitum
2523 3282 2676 3358 Viri
2720 3283 2827 3359 Cl.
2882 3309 2932 3360 1.
2986 3305 3134 3357 van
3183 3305 3432 3374 eman,
3482 3281 3722 3357 Theol.
3767 3279 4047 3356 Profes-

1323 3401 1496 3477 soris
1560 3401 1634 3476 in
1699 3402 2083 3479 Seminario
2145 3403 2874 3504 'I'eleio-baptistarum
2896 3464 2917 3495 ,
2989 3403 3114 3504 qui
3180 3403 3249 3479 d.
3318 3406 3415 3478 24
3486 3426 3581 3478 m.
3648 3401 3825 3477 Maii
3895 3399 4047 3476 fato

1321 3521 1608 3600 functus
1655 3529 1822 3601 erat.

978 3762 1116 3838 Die
1183 3767 1278 3839 24
1326 3789 1420 3840 m.
1470 3764 1657 3864 Aug.
1727 3763 2104 3839 recitantur
2155 3763 2435 3853 literae,
2506 3763 2765 3863 quibus
2818 3761 2943 3838 Vir
2995 3762 3101 3840 cl.
3152 3785 3217 3840 r.
3261 3785 3333 3837 A.
3382 3786 3452 3836 0.
3499 3781 3822 3848 mooun,
3874 3757 4039 3832 Me-

1328 3883 1596 3958 dicinae
1643 3889 1712 3958 et
1759 3883 2126 3959 Botanices
2169 3883 2523 3959 Professor
2540 3942 2561 3973 ,
2609 3882 2927 3958 valedicit
2972 3881 3287 3982 collegiS‚
3339 3904 3563 3981 quum
3608 3878 3700 3954 ad
3746 3877 4043 3953 Botani-

1324 4028 1474 4078 cem
1530 4003 1912 4080 docendam
1967 4004 2042 4078 in
2104 4004 2483 4098 Academia
2526 4003 3203 4079 Rheno-Traiectina
3248 4008 3531 4078 vocatus
3574 4023 3863 4076 munere
3910 4023 4047 4074 suo

1331 4148 1406 4199 se
1449 4123 1770 4200 abdicare
1818 4131 1890 4200 et
1928 4124 2094 4200 illuc
2141 4150 2216 4200 se
2250 4125 2570 4201 'conferre
2620 4124 2998 4204 statuisset.

989 4363 1123 4440 Die
1193 4367 1284 4439 12
1336 4389 1431 4439 m.
1481 4362 1806 4438 Octobris
1860 4364 2235 4439 recitantur
2288 4364 2526 4440 literae
2577 4365 2997 4440 Curatorum
3015 4422 3036 4455 ‚
3097 4362 3359 4463 quibus
3397 4367 3645 4461 rogant
3682 4358 4002 4435 ordinem
4020 4417 4047 4451 ,

1335 4491 1416 4560 ut
1464 4484 1599 4559 sibi
1640 4484 1944 4560 indicare
1988 4485 2194 4577 velit,
2245 4485 2419 4585 quid
2466 4486 2718 4562 sentiat
2763 4487 2851 4561 de
2892 4509 3071 4561 novo
3103 4483 3389 4560 consilio
3423 4479 3768 4558 Athenaei
3799 4503 4045 4555 ernen-

1331 4603 1548 4680 dandi
1570 4663 1591 4694 ,
1653 4628 1968 4702 novaque
2038 4603 2303 4679 ratione
2374 4605 2861 4680 constituendi.
2980 4605 3366 4704 Postquam
3438 4601 3701 4702 singuli
3762 4599 4047 4677 Profes-

1335 4749 1522 4801 sores
1569 4724 1945 4799 sententias
1992 4749 2152 4801 suas
2183 4726 2662 4825 protulerunt,
2704 4724 3098 4800 decernitur
3118 4784 3140 4815 ,
3181 4731 3263 4799 ut
3300 4747 3510 4799 causa
3548 4718 4049 4820 ampliaretur,

1335 4847 1555 4923 donec
1601 4847 1673 4921 in
1721 4845 2178 4922 conventibus
2231 4847 2662 4948 singularum
2709 4845 3122 4922 facultatum
3169 4845 3259 4920 de
3306 4869 3389 4921 ea
3434 4867 3511 4918 re
3558 4847 3793 4918 actum
3828 4847 4045 4918 esset.
