4730 6049
1212 1443 1699 1517 AUDITOREs,
1738 1440 2182 1506 QUOTQUOT
2223 1439 2550 1502 ADESTls
2566 1483 2582 1513 ,
2625 1439 2884 1512 cnm-s,
2927 1439 3340 1512 HOSPITES,
3383 1437 3592 1502 QUOS
3627 1438 3782 1502 SUA

1296 1547 1693 1612 QUEMQUE
1728 1546 2111 1608 DIGNITAS
2128 1590 2145 1620 ‚
2176 1543 2622 1618 INGENIUM,
2659 1543 2977 1617 VIBTUS,
3001 1542 3358 1606 DOCTRIN
3360 1545 3443 1616 A,
3467 1539 3779 1604 ARTIUM

1292 1648 2086 1714 DISCIPLINABUMQUE
2128 1648 2420 1711 s‘rUDIA
2462 1647 2629 1710 ORN
2631 1647 2742 1710 AN
2745 1648 2796 1708 Τ
2835 1649 2940 1710 ΕΤ
2980 1645 3578 1710 COMMENDANTl

825 2164 899 2237 N
898 2188 979 2239 ec
1044 2163 1177 2240 loci
1238 2163 1329 2238 de
1392 2189 1533 2264 quo
1598 2165 1869 2240 dicetur
1932 2161 2534 2240 commendatione
2557 2219 2576 2250 ,
2643 2185 2776 2238 nee
2827 2160 3239 2240 temeritatis
3297 2160 3372 2234 in
3435 2159 3782 2260 provincia

730 2279 1171 2381 suscipienda
1235 2280 1677 2358 excusatione
1695 2339 1717 2371 ,
1784 2281 1959 2357 mihi
2010 2303 2428 2381 magnopere
2471 2303 2652 2380 opus
2697 2305 2852 2358 esse
2904 2281 3198 2358 videtur.
3299 2280 3548 2356 Dicam
3593 2281 3783 2358 enim

729 2401 816 2476 de
870 2402 1043 2478 iuris
1108 2403 1445 2478 naturalis
1514 2403 1647 2479 hac
1714 2411 1951 2478 nostra
2004 2409 2231 2478 aetate
2296 2399 2553 2476 studio.
2657 2401 2872 2480 Quod
2915 2407 3410 2499 argumentum
3460 2400 3560 2476 ita
3604 2407 3778 2478 trac-

726 2521 891 2597 tabo
908 2579 931 2611 ‚
982 2529 1065 2597 ut
1108 2521 1397 2598 historia
1442 2522 1621 2600 duce
1663 2549 1755 2598 ex
1800 2523 1887 2598 iis
1905 2580 1926 2611 ,
1986 2547 2167 2621 quae
2218 2519 2484 2597 ultimis
2528 2519 2716 2596 hisce
2757 2519 3110 2598 decenniis
3155 2519 3228 2597 in
3273 2519 3459 2618 Iptia
3495 2519 3782 2596 fuerunt

728 2641 993 2740 agitata
1058 2624 1331 2732 nostra,
1390 2667 1767 2743 persequar
1816 2641 2161 2742 quaedam
2186 2699 2209 2730 ,
2256 2665 2298 2716 e
2350 2640 2612 2740 quibus
2647 2664 2838 2718 meas
2883 2641 3203 2740 colligam
3221 2699 3242 2728 ‚
3293 2637 3592 2716 subinde
3637 2639 3782 2716 effi-

728 2761 905 2836 ciam
952 2760 1045 2837 de
1092 2761 1265 2836 iuris
1312 2763 1649 2840 naturalis
1696 2761 1983 2840 notione
2003 2821 2025 2852 ,
2074 2761 2482 2838 auctoritate
2499 2819 2520 2848 ,
2569 2760 2881 2842 fontibus
2929 2761 3312 2862 opiniones.

820 2879 955 2955 Illa
1011 2880 1105 2958 de
1162 2880 1317 2956 iure
1370 2884 1673 2960 naturali
1730 2881 2095 2982 disciplina
2114 2939 2135 2970 ‚
2200 2905 2382 2982 quae
2431 2880 2784 2958 rationalis
2838 2882 3048 2982 vulgo
3099 2879 3352 2956 dicitur
3371 2936 3390 2967 ,
3459 2899 3779 2975 quaeque

730 3008 1027 3077 exeunte
1079 3001 1305 3103 priore
1322 3062 1345 3094 ‚
1408 3004 1697 3080 ineunte
1740 3002 1951 3080 hocce
1988 3002 2269 3080 saeculo
2316 3000 2680 3079 obtinebat
2723 3001 2866 3081 fere
2910 3001 3211 3102 ubique,
3283 3022 3426 3075 non
3468 2997 3612 3073 iam
3656 3019 3778 3073 no-

728 3128 909 3197 strae
949 3122 1077 3197 sed
1124 3123 1531 3221 praeteritae
1584 3130 1693 3199 est
1738 3124 2005 3201 aetatis
2122 3124 2303 3198 Eam
2358 3122 2575 3223 igitur
2619 3146 2810 3199 nune
2860 3148 2998 3199 non
3053 3146 3302 3199 moror.
3403 3120 3510 3195 Eo
3563 3118 3786 3219 magis

731 3262 886 3315 eam
950 3241 1063 3317 hic
1126 3244 1447 3321 omittere
1513 3270 1719 3343 posse
1781 3244 1957 3319 mihi
2030 3244 2306 3333 videor,
2375 3244 2568 3343 quod
2631 3250 2704 3319 et
2755 3245 2830 3319 in
2899 3242 3122 3343 patria
3181 3241 3319 3317 fuit
3374 3239 3782 3339 pervulgata

726 3366 997 3452 nostra,
1046 3370 1123 3438 et
1164 3362 1243 3439 in
1284 3364 1417 3441 hae
1464 3364 1617 3464 ipsa
1658 3364 2015 3441 academia
2059 3362 2488 3440 solemnibus
2531 3363 2780 3439 diebus
2821 3370 3112 3441 tractata
3161 3359 3456 3459 saepius.
3547 3359 3782 3434 Pauca

721 3487 1001 3557 tantum
1018 3540 1041 3572 ‚
1111 3490 1195 3559 ut
1268 3508 1355 3559 eo
1422 3484 1673 3561 melius
1690 3543 1712 3575 ‚
1784 3484 1875 3561 ab
1946 3484 2034 3559 iis
2098 3484 2346 3574 etiam,
2416 3484 2542 3583 qui
2605 3491 2843 3559 nostra
2911 3480 3572 3559 Iurisconsultorum
3637 3499 3780 3551 non

728 3611 1123 3701 sequuntur
1156 3614 1383 3681 eastra
1397 3663 1419 3694 ,
1466 3605 1945 3705 intelligantur
1987 3630 2169 3704 quae
2206 3603 2490 3703 disputo
2509 3662 2528 3693 ,
2578 3605 2976 3681 meminisse
3009 3602 3327 3679 sufficiat.
3391 3596 3778 3675 Rationalis

726 3728 913 3797 reete
984 3724 1333 3823 appellata
1389 3725 1529 3799 fuit
1590 3725 1861 3814 schola,
1934 3724 2101 3825 quia
2168 3723 2414 3799 ceteris
2483 3724 2812 3799 omnibus
2831 3783 2853 3815 ,
2920 3748 3096 3824 quaa
3153 3722 3228 3798 in
3289 3718 3569 3797 homine
3591 3739 3776 3795 oon-

728 3840 1001 3918 iunctas
1064 3844 1565 3945 copulataeque.
1618 3846 1965 3921 cernimus
2030 3844 2229 3919 dotes
2247 3902 2269 3934 ,
2331 3844 2658 3921 detractis
2677 3903 2698 3934 ,
2761 3846 2836 3920 in
2881 3845 3026 3939 sola
3075 3842 3338 3921 ratione
3385 3840 3431 3917 i.
3479 3863 3541 3913 e.
3585 3837 3775 3937 cogi-

730 3962 927 4037 tandi
992 3961 1355 4055 facultate,
1420 3988 1703 4041 omnem
1772 3965 2075 4041 hominis
2138 3988 2279 4040 non
2342 3971 2624 4041 tantum
2673 3964 3168 4066 praestantiam
3222 3963 3348 4039 sed
3399 3959 3608 4039 etiam
3669 3982 3776 4035 es-

732 4082 1031 4159 sentiam
1065 4082 1407 4183 ponebat,
1448 4086 1631 4161 viam
1668 4086 2107 4161 continenter
2145 4094 2390 4161 tenens
2408 4143 2430 4175 ,
2476 4110 2688 4184 quam
2733 4086 3178 4163 celeberrimo
3203 4082 3444 4161 effato:
3505 4079 3775 4179 noogito

732 4226 898 4302 ergo
952 4226 1117 4279 sum
1135 4205 1206 4294 ,”
1272 4205 1636 4281 recentiori
1696 4205 2169 4306 philosophiae
2226 4212 2732 4293 monstraverat
2792 4229 3212 4281 canusms.
3307 4204 3424 4278 Ex
3469 4201 3734 4279 ratione
3750 4256 3772 4287 ,

733 4322 1087 4423 cogitandi
1149 4323 1425 4424 legibus
1460 4334 1537 4400 ct
1582 4326 1847 4401 normis
1865 4384 1887 4416 ,
1946 4350 2173 4409 unum
2220 4325 2562 4401 efficiebat
2609 4326 3026 4426 principium
3045 4385 3066 4414 ‚
3114 4350 3204 4401 ex
3248 4346 3405 4422 quo.
3441 4320 3774 4399 continuo

728 4442 1273 4519 ratiocinationis
1334 4445 1455 4519 filo
1520 4444 1860 4526 deducere
1922 4446 2157 4521 omnia
2213 4446 2698 4529 contendebat.
2813 4446 3020 4522 Vitae
3075 4440 3620 4520 necessitudines
3675 4439 3774 4515 sd

728 4560 907 4639 illud
978 4564 1311 4664 exigebat
1364 4566 1782 4668 principium
1800 4625 1821 4656 ,
1880 4567 1981 4643 ita
2044 4576 2163 4656 ut,
2226 4567 2418 4666 quod
2479 4592 2622 4642 non
2687 4566 3052 4643 hominum
3095 4564 3220 4640 sed
3266 4562 3404 4640 Dei
3445 4568 3590 4650 est,
3639 4558 3775 4636 sibi

726 4708 845 4759 res
905 4708 1053 4765 non
1110 4710 1190 4759 se
1228 4684 1441 4761 rebus
1488 4687 1889 4764 subiiceret.
1991 4688 2203 4763 Ratio
2245 4695 2484 4781 autem
2504 4746 2525 4777 ‚
2586 4712 2678 4763 ex
2729 4712 2870 4786 qna
2913 4686 3060 4762 sola
3101 4684 3426 4761 credebat
3475 4707 3549 4759 se
3597 4680 3775 4769 deri·

736 4828 895 4879 aare
953 4804 1195 4881 omma
1208 4862 1235 4895 ,
1298 4814 1619 4898 aeterna,
1664 4807 2123 4901 immutabilis
2143 4866 2167 4897 ,
2212 4808 2552 4885 absoluta.
2653 4807 2886 4907 Igitur
2931 4815 3006 4883 et
3052 4806 3220 4881 inde
3265 4804 3568 4883 deducta
3611 4801 3784 4905 iuris

3286 4923 3438 4998 40*
