4730 6049
1858 651 2417 721 ORATIO.
3543 653 3672 723 173

606 859 871 960 quendi
911 884 1119 937 usum
1139 919 1160 950 ‚
1198 861 1274 936 in
1312 884 1603 938 censum
1639 861 1869 939 venire
1906 861 2103 937 iubet
2117 888 2143 950 ‚·
2188 884 2331 961 quo
2369 862 2491 949 fit,
2542 866 2626 935 ut
2661 861 2992 937 lectiones
3031 886 3171 937 non
3217 886 3305 935 ex
3343 859 3668 960 opinione

602 980 961 1070 aestimet,
1028 1006 1267 1056 verum
1324 989 1587 1059 certam
1633 1006 1947 1058 normam
1993 978 2333 1057 adhibens
2384 980 2720 1056 obiective
2737 1039 2758 1070 ,
2815 989 2896 1055 ut
2946 981 3200 1055 dicitur
3217 1039 3238 1070 ,
3288 1005 3434 1055 rem
3487 979 3668 1054 diiu-

602 1100 811 1177 dicet.
914 1100 1185 1177 Oalami
1256 1126 1517 1178 errores
1589 1103 1689 1178 ita
1766 1101 2260 1203 deprehendit3
2333 1126 2515 1201 quae
2577 1126 2736 1177 cum
2803 1101 3101 1177 auctoris
3153 1125 3289 1175 usu
3337 1100 3672 1200 loquendi

600 1244 1047 1321 nequaquam
1116 1230 1515 1321 congruunt
1568 1221 1811 1298 reiicit.
1910 1221 2181 1297 Eadem
2240 1220 2351 1297 via
2397 1246 2478 1295 ao
2519 1221 2784 1295 ratione
2824 1220 3364 1321 progrediuntur
3407 1220 3532 1320 qui
3579 1220 3670 1295 de

600 1340 937 1417 librorum
986 1341 1386 1416 auctoribus
1404 1399 1425 1429 ‚
1488 1348 1713 1417 aetate
1734 1400 1755 1431 ‚
1820 1342 2219 1441 integritate
2242 1399 2263 1430 ,
2322 1342 2412 1415 de
2461 1341 2870 1417 narrationis
2919 1341 3282 1415 cuiusdam
3331 1340 3482 1415 fide·
3525 1340 3666 1416 his-

600 1461 815 1537 torica
833 1518 855 1549 ,
906 1460 997 1535 de
1040 1458 1393 1535 doctrinae
1432 1460 1723 1535 alicuius
1773 1461 1997 1561 pretio
2038 1470 2221 1535 recte
2268 1460 2572 1536 iudicare
2611 1461 2873 1537 volunt.
2977 1461 3190 1539 Quod
3225 1460 3419 1535 omni
3449 1460 3668 1536 dubio

601 1581 831 1657 maius
850 1638 872 1670 ,
940 1580 1132 1679 quod
1200 1580 1355 1655 luce
1401 1580 1653 1655 clarius
1702 1591 1849 1670 est,
1924 1581 2111 1679 quod
2158 1582 2580 1681 experientia
2599 1641 2620 1671 ,
2671 1582 2863 1681 quod
2911 1581 3176 1656 ratione
3223 1582 3662 1657 commenda-

604 1709 759 1791 tur,
810 1702 941 1777 hoc
986 1700 1257 1777 critices
1300 1724 1543 1775 norma
1588 1700 1681 1775 sit
1698 1734 1718 1790 3
1768 1696 1961 1777 aliud
2004 1701 2178 1801 quid
2213 1727 2301 1777 ne
2342 1685 2774 1779 admittatur.
2876 1703 3079 1780 Quae
3123 1726 3398 1792 norma,
3441 1727 3663 1802 quum

600 1846 738 1899 non
790 1820 984 1897 fallat
1005 1880 1026 1910 ,
1076 1827 1503 1919 quantopere
1553 1819 1645 1893 sit
1692 1821 2245 1897 commendanda
2287 1821 2663 1921 unicuique
2717 1831 2960 1921 sponte
3002 1831 3214 1920 patet.

692 1942 951 2017 Nonne
1005 1965 1164 2015 vero
1206 1940 1663 2015 metuendum
1711 1949 1819 2016 est
1838 1999 1859 2030 ,
1909 1966 1999 2015 ne
2051 1960 2264 2040 quam
2313 1940 2414 2016 ita
2455 1942 2920 2041 approbamus
2971 1966 3212 2017 norma
3253 1942 3344 2017 ad
3391 1942 3662 2018 destru-

602 2060 781 2137 enda
840 2060 1078 2161 potius
1152 2059 1375 2135 valeat
1432 2084 1645 2158 quam
1720 2061 1811 2135 ad
1880 2062 2139 2137 tuenda
2187 2087 2369 2161 quae
2421 2062 2557 2162 ipsi
2615 2061 2963 2137 credimus
3013 2070 3224 2161 atque
3281 2062 3663 2137 docemus?

598 2183 853 2257 Nonne
899 2182 1183 2257 ianuam
1232 2180 1633 2279 aperuimus
1669 2181 1756 2257 iis
1776 2240 1797 2271 ,
1850 2182 1975 2281 qui
2018 2181 2378 2281 empiriam
2426 2192 2786 2281 tamquam
2833 2182 2894 2256 si
2935 2182 3140 2258 unica
3179 2182 3448 2257 critices
3482 2190 3666 2258 esset

598 2326 841 2378 norma
912 2301 1256 2377 laudant?
1338 2300 1597 2376 Nonne
1668 2302 1753 2376 iis
1822 2302 2017 2377 faveo
2036 2361 2057 2392 ,
2136 2303 2263 2401 qui
2335 2301 2572 2379 omnia
2646 2301 2910 2377 ratione
2982 2302 3423 2378 metiuntur}>
3503 2304 3669 2378 Sine
3797 2402 3812 2415 ἱ

600 2422 816 2498 dubio
834 2481 855 2512 ,
928 2422 1087 2521 quis
1156 2420 1379 2510 dicat,
1449 2420 1642 2497 brevi
1706 2422 2123 2499 concesseris
2140 2482 2161 2512 ,
2230 2446 2457 2499 nisum
2517 2422 2848 2498 miracula
2893 2447 3034 2498 non
3088 2423 3386 2499 edidisse
3406 2481 3427 2511 ,
3491 2431 3564 2499 et
3608 2426 3668 2499 si

599 2542 687 2617 de
748 2542 903 2618 eius
973 2565 1267 2642 persona
1333 2548 1706 2639 quaeratur
1721 2601 1744 2632 ,
1816 2544 1905 2618 de
1970 2543 2121 2618 eius
2184 2542 2720 2643 praeexistentia
2787 2543 3167 2642 personali,
3237 2567 3328 2617 ne
3378 2542 3466 2617 de
3513 2543 3667 2618 aliis

600 2663 827 2739 dicam
846 2722 867 2753 ,
909 2662 1052 2737 -tibi
1094 2686 1321 2736 sermo
1364 2686 1519 2736 esse
1558 2685 1699 2737 non
1732 2663 2027 2763 poteritl
2099 2664 2315 2742 Quod
2354 2663 2683 2762 equidem
2725 2662 2938 2737 etiam
2975 2671 3188 2761 atque
3218 2663 3424 2736 etiam
3457 2687 3661 2763 nego,

600 2783 797 2863 Quid
876 2783 1063 2857 enim
1135 2782 1339 2857 docet
1408 2781 1735 2881 empiria,
1800 2785 2064 2859 ratione
2134 2782 2373 2859 habita
2439 2806 2680 2859 eorum
2700 2840 2722 2871 ,
2792 2808 2972 2881 quae
3033 2781 3123 2857 ab
3193 2782 3666 2881 Euangelistis

596 2903 971 2979 traduntur
1028 2902 1117 2977 de
1171 2924 1337 2977 nisu
1385 2901 1547 2976 fatis
1596 2902 1936 3003 factisque
1988 2903 2342 2979 mirificis?
2417 2903 2768 2991 Miracula*
2809 2902 2924 2977 edi
2965 2926 3105 2977 non
3153 2902 3464 3001 potuisse
3483 2960 3506 2991 ,
3557 2902 3662 2977 di-

598 3031 769 3101 cunt
831 3022 1171 3099 nonnulli.
1277 3022 1379 3097 At
1448 3024 1797 3123 quomodo
1857 3024 1987 3102 hoc
2056 3026 2347 3126 empiria
2409 3024 2666 3102 docet?
2739 3023 2963 3098 Docet
3005 3022 3292 3124 empiria
3311 3081 3331 3112 ‚
3379 3021 3480 3098 ita
3519 3022 3663 3099 fere

595 3143 733 3234 illi,
799 3144 991 3244 leges
1042 3151 1335 3218 naturae
1386 3145 1745 3244 perrumpi
1790 3170 1929 3221 non
1973 3170 2217 3282 posse3
2284 3146 2486 3246 atqui
2531 3143 2882 3220 miraculis
2928 3151 3216 3220 naturae
3269 3143 3460 3244 leges
3509 3167 3660 3244 per-

597 3271 1063 3365 rumpuntur;
1134 3289 1323 3363 ergO.
1391 3308 1495 3324 -
1559 3267 1662 3340 At
1730 3291 1924 3354 vero,
1990 3267 2069 3340 ni
2120 3266 2357 3356 fallor,
2425 3264 2868 3365 probandum
2929 3273 3078 3353 est,
3147 3263 3291 3338 fata
3340 3263 3662 3364 factaque

596 3384 926 3475 mirifica,
1000 3409 1181 3485 quae
1251 3406 1417 3460 msu
1484 3383 1574 3460 ab
1637 3383 2110 3483 Euangelistis
2179 3382 2629 3471 tribuuntur,
2702 3380 2854 3456 iure
2916 3381 3054 3455 dici
3121 3389 3410 3456 naturae
3473 3381 3662 3482 leges

596 3529 1060 3605 perrumpere.
1162 3503 1381 3582 Quod
1430 3528 1521 3580 an
1572 3527 1781 3579 nemo
1825 3503 2258 3603 probaverit,
2308 3503 2564 3578 nescio.
2667 3501 3054 3575 Cuiusnam
3107 3499 3489 3601 syllogismi
3531 3525 3664 3600 ope

598 3624 974 3724 probatum
1040 3623 1341 3699 fuisset?
1434 3625 1630 3698 Num
1692 3623 1870 3698 forte
1934 3623 2063 3698 hoc
2132 3623 2341 3698 modo
2395 3621 2782 3698 ratiocinati
2834 3631 3031 3698 sunt:
3101 3621 3568 3722 quodcunque
3621 3645 3663 3695 e

598 3745 875 3844 legibus
928 3752 1217 3821 naturae
1262 3745 1561 3845 cognitis
1606 3743 1933 3844 explicari
1975 3767 2115 3819 non
2160 3750 2431 3842 potest,
2480 3743 2712 3842 ipsum
2761 3753 3050 3818 naturae
3099 3741 3410 3816 ordinem
3462 3765 3660 3815 exce·

602 3865 721 3941 dat
760 3891 1044 3942 necesse
1092 3875 1241 3954 est3
1292 3865 1493 3965 atqui
1536 3889 1702 3941 nisu
1748 3865 1891 3940 fata
1935 3865 2257 3964 factaque
2308 3863 2598 3938 mirifica
2643 3889 2682 3937 e
2723 3862 2998 3962 legibus
3037 3867 3326 3936 naturae
3365 3859 3662 3960 cognitis

602 3985 925 4086 explicari
986 3992 1348 4085 nequeunt
1365 4018 1386 4074 ;
1457 4009 1623 4085 ergo
1642 3987 1677 4059 Ρ
1750 3987 1905 4060 Iam
1958 4009 2117 4059 vero
2168 3983 2305 4082 ipsi
2354 3984 2944 4072 animadvertant,
3015 3983 3128 4058 hic
3170 3981 3436 4081 aliquid
3482 3980 3662 4054 desi·

604 4105 825 4180 derari
844 4165 865 4195 ,
942 4113 1024 4180 ut
1090 4105 1383 4182 mirifica
1446 4105 1565 4180 illa
1611 4096 1763 4180 iure
1816 4105 1889 4179 in
1940 4113 2098 4182 τῶν
2139 4103 2554 4182 ἀδυνάτων
2603 4127 2973 4179 numerum
3019 4102 3336 4177 retulisse
3383 4099 3660 4176 videan-

602 4233 751 4315 tur;
804 4251 895 4300 ne
946 4225 1121 4325 quid
1168 4226 1393 4301 dicam
1446 4226 1534 4300 de
1590 4233 1879 4302 naturae
1929 4226 2167 4325 legum
2222 4224 2617 4324 cognitione
2666 4222 2824 4311 illa,
2875 4245 3086 4322 quam
3133 4222 3456 4296 invocant
3504 4219 3658 4318 qui·

602 4345 759 4421 dem
782 4405 803 4435 ,
878 4345 1253 4444 perfectam
1308 4353 1547 4421 autem
1595 4354 1808 4445 atque
1856 4345 2247 4420 absolutam
2298 4369 2452 4419 esse
2497 4342 2944 4443 comprobare
2995 4341 3282 4416 minime
3340 4345 3656 4437 possunt.

604 4465 977 4542 Caeterum
1045 4467 1377 4541 miracula
1442 4467 1585 4541 sint
1642 4465 1998 4543 ἀδύνατα
2046 4465 2414 4564 quaedam.
2513 4463 2816 4537 Mirifica
2863 4462 3080 4561 igitur
3121 4484 3284 4535 nisu
3329 4457 3472 4532 fata
3512 4456 3654 4532 fac-

607 4593 815 4686 taque
879 4585 1171 4687 posthac
1234 4611 1622 4687 numquam
1691 4617 1727 4657 u
1746 4586 2283 4662 miraculorum”
2328 4583 2610 4658 nomine
2652 4580 3068 4656 notabimus.
3165 4579 3266 4652 At
3311 4599 3400 4651 ne
3439 4583 3654 4649 certe·

604 4729 761 4782 mus
809 4706 899 4781 de
948 4706 1175 4781 verbis
1195 4765 1216 4795 ,
1280 4706 1405 4782 ubi
1450 4707 1537 4783 de
1588 4707 1797 4782 rebus
1854 4706 2207 4806 agendum
2258 4714 2364 4779 est
2383 4763 2403 4794 ‚
2467 4729 2596 4779 nec
2645 4702 3030 4804 quidquam
3071 4699 3145 4774 in
3193 4696 3656 4772 diiudicandis

608 4825 1217 4926 Euangelistarum
1282 4826 1793 4903 narrationibus
1852 4825 1941 4901 de
2004 4825 2353 4902 miraculis
2426 4825 2635 4924 vulgo
2697 4823 2799 4897 ita
2861 4819 3064 4895 dictis
3132 4840 3494 4893 sumamus
3552 4823 3654 4891 te·
