4730 6049
1573 656 2160 727 DOCTORES
2229 657 2661 727 CREATI.
3520 654 3655 724 3⁷9

827 878 936 945 ter
987 868 1530 967 beantwoordinq
1587 892 1723 943 van
1764 868 1851 943 de
1899 892 2114 967 vraay
2157 870 2232 941 in
2274 866 2401 941 hoe
2444 891 2565 941 ver
2608 868 2693 941 de
2734 868 3124 942 Aziatiscbe
3170 866 3441 941 cholera
3492 888 3652 942 voor

826 1014 990 1066 eene
1039 989 1526 1086 hemettelijke
1575 988 1798 1063 ziekte
1841 992 2020 1063 moet
2063 990 2333 1063 worden
2373 987 2727 1086 ,qebouden
2742 1043 2763 1076 ‚
2814 985 3007 1062 Med.
3054 986 3257 1064 Doot.

591 1112 658 1188 d.
687 1115 782 1187 25
831 1112 992 1186 Iun.
1097 1131 1470 1186 remmus
1515 1131 1954 1185 ruzononus
2007 1130 2378 1196 somnam,
2427 1106 2959 1207 Groninganus‚
3001 1105 3321 1207 privatim
3371 1107 3656 1186 defensa

825 1231 1306 1307 dissertatione
1379 1228 1837 1305 Neerlandice
1907 1228 2200 1328 scripta:
2297 1230 2479 1305 Over
2542 1230 2629 1305 de
2686 1228 3078 1327 Ερίῐερείε,
3157 1227 3351 1306 Med.
3402 1228 3607 1307 Doct.
3625 1286 3648 1323 ‚

827 1378 1075 1451 maqna
1119 1377 1263 1427 cum
1314 1351 1540 1426 laude.

591 1468 656 1545 d.
681 1472 772 1545 25
823 1470 986 1545 Iun.
1091 1491 1467 1545 mammis
1544 1474 2008 1555 senonum),
2075 1492 2162 1541 ex
2229 1490 2414 1565 pago
2484 1466 2742 1566 Nietap
2807 1466 3276 1557 Drenthinus,
3326 1468 3651 1567 privatim

825 1588 1112 1664 defensa
1174 1588 1654 1663 dissertatione
1717 1585 2174 1663 Neerlandiee
2219 1586 2511 1688 scripta:
2574 1590 2755 1663 Over
2800 1588 2931 1663 den
2980 1587 3397 1679 Kinkkoeet,
3446 1588 3641 1668 Med.

823 1709 1030 1785 Doct.
1053 1767 1074 1800 ,
1123 1735 1370 1810 maqna
1412 1734 1558 1784 cum
1602 1707 1826 1784 laude.

589 1826 660 1903 d.
684 1830 777 1906 27
825 1828 996 1905 Jun.
1103 1852 1418 1904 ‘rusums
1479 1852 1797 1903 nAAqu
1859 1849 2258 1917 mensumn,
2326 1851 2411 1901 ex
2460 1852 2643 1927 pago
2695 1826 3099 1916 Scharmer,
3148 1828 3471 1929 privatim
3524 1829 3647 1905 de·

826 1947 1024 2025 sensa
1066 1948 1546 2024 dissertatione
1594 1947 2050 2023 Neerlandice
2095 1945 2381 2045 scripta:
2463 1949 2644 2022 Over
2669 1949 2755 2022 de
2781 1948 3105 2023 Rachitie
3124 2006 3146 2038 ,
3195 1948 3389 2025 Med.
3435 1950 3641 2029 Doct.

591 2066 660 2141 d.
687 2069 781 2142 29
827 2066 990 2143 Iun.
1093 2092 1310 2143 namu
1357 2091 1760 2158 namon,
1798 2092 1871 2144 n.
1907 2066 2114 2141 filius.
2137 2124 2158 2155 ,
2207 2065 2403 2141 Med.
2453 2066 2697 2157 Doct.,
2748 2066 3070 2167 privatim
3096 2067 3399 2147 defensis
3426 2068 3638 2145 thesi-

827 2189 966 2263 bus
1013 2189 1410 2289 argumenti
1455 2186 1874 2275 obstetricii‚
1921 2187 2076 2261 Art.
2125 2182 2330 2260 Obst.
2381 2184 2585 2259 Doct.
2604 2242 2625 2273 ‚
2676 2212 2819 2261 cum
2864 2188 3085 2262 laude.

594 2306 660 2385 d.
687 2310 780 2384 30
827 2308 989 2385 Iun.
1096 2332 1408 2385 neonus
1461 2332 1682 2384 mnus
1727 2329 2122 2394 neonus,
2191 2304 2388 2380 Med.
2450 2304 2699 2395 Dect„
2766 2305 3087 2405 privatim
3141 2306 3442 2383 defensis
3491 2309 3644 2385 the·

827 2427 1024 2503 sibus
1065 2428 1462 2529 argumenti
1504 2426 1913 2527 chirurgici,
1963 2425 2156 2501 Ghir.
2197 2424 2401 2501 Doct.
2420 2482 2443 2514 ,
2492 2452 2739 2525 mayna
2794 2452 2937 2501 cum
2984 2428 3205 2503 laude.

1397 2670 1510 2743 IN
1553 2667 2126 2744 FACUL'I'A'I'E
2175 2663 2833 2741 THEOLOGICA.

685 2788 901 2863 1860.

589 2904 657 2981 d.
686 2908 772 2981 18
824 2908 976 2983 Ian.
1083 2928 1570 2983 osannannus
1641 2930 2077 2997 wssnsnm,
2150 2905 2369 2982 Verbi
2433 2904 2675 2980 Divini
2736 2904 3063 2981 Minister
3126 2906 3317 3007 apud
3379 2906 3644 2982 Teleio-

821 3027 1162 3128 baptistas
1205 3027 1309 3102 in·
1339 3053 1522 3128 pago
1561 3028 1981 3105 Hollandiae
2021 3026 2618 3129 Septemtrionalis
2660 3027 2983 3104 Wormer
3024 3053 3112 3104 en
3152 3029 3335 3129 Iisp,
3378 3030 3650 3105 honoris

821 3172 1029 3222 causa
1051 3205 1072 3236 ‚
1125 3148 1366 3224 Theol.
1419 3148 1624 3224 Doot.
2149 3171 2160 3182 '

589 3263 655 3342 d.
731 3269 776 3340 2
828 3267 989 3343 Iun.
1091 3289 1456 3343 Aneromus
1527 3291 1754 3356 ΒοοΝ,
1821 3268 2100 3370 publice
2146 3269 2429 3344 defensa
2474 3267 2995 3345 dissertationez
3062 3271 3175 3345 De
3221 3270 3463 3346 Iac-obi
3504 3273 3645 3371 epi-

821 3387 1038 3462 stolae
1091 3413 1235 3462 cum
1288 3391 1651 3464 Siracidae
1695 3389 1868 3463 libro
1926 3388 2281 3488 Sapientia
2331 3392 2512 3465 dicto
2558 3391 3020 3464 convenientia
3043 3449 3061 3479 ‚
3112 3389 3351 3466 Theol.
3401 3391 3605 3468 Doot.
3625 3450 3648 3484 ,

819 3529 1066 3605 mayna
1107 3533 1248 3582 oum
1294 3508 1518 3584 laude.

589 3618 654 3696 d.
728 3624 772 3696 2
824 3625 984 3700 Iun.
1088 3650 1464 3704 Asusamus
1542 3650 1917 3703 ooswmns
1980 3652 2210 3720 Boon,
2278 3629 2557 3728 publice
2621 3630 2904 3706 defensa
2956 3628 3465 3707 dissertatione:
3534 3633 3649 3709 De

821 3745 1254 3844 Doymatices
1331 3749 1766 3823 Christianae
1805 3750 2116 3840 fontibus
2164 3775 2523 3851 eorumque
2577 3775 2701 3826 usu
2720 3809 2739 3839 ,
2802 3750 3045 3826 Theol.
3110 3751 3313 3827 Doct.
3332 3810 3351 3842 ‚
3404 3779 3653 3854 mayna

823 3888 968 3940 cum
1017 3867 1241 3942 laude.

589 3976 658 4054 d.
691 3983 782 4054 19
831 3981 1022 4081 Sept.
1124 4006 1554 4059 summanus
1633 4007 2009 4062 mirumne
2034 4047 2054 4077 ,
2157 3989 2435 4087 publice
2542 3989 2824 4066 defensa
2918 3990 3444 4068 dissertatione:
3533 3995 3647 4070 De

831 4103 1082 4176 Gratia
1114 4103 1375 4177 Divina
1421 4129 1637 4203 neque
1678 4107 2036 4182 resistibili
2071 4133 2286 4208 neque
2319 4110 2743 4185 irresistibili
2779 4112 3097 4201 dicenda,
3142 4113 3377 4188 Theol.
3405 4114 3605 4190 Doot.
3619 4170 3642 4204 ,

823 4246 1066 4321 mayna
1113 4249 1258 4298 cum
1305 4223 1530 4300 laude.

3148 4946 3302 5021 48*
3374 4929 3381 4936 ’
