4730 6049
1895 666 2455 736 ORATIO.
3510 669 3693 732 ·45

658 874 788 950 hac
831 873 920 948 de
965 898 1042 949 re
1095 871 1449 951 disserere.
1527 873 1934 950 Meminisse
1986 874 2322 962 sufficiat,
2373 873 2777 973 primarium
2826 873 3219 974 interpretis
3269 875 3569 951 officium
3622 875 3697 950 in

657 1017 740 1068 eo
805 999 1118 1068 constare
1137 1049 1159 1082 ,
1231 1000 1314 1068 ιιι
1359 1019 1446 1068 ex
1491 993 1756 1084 verbis,
1807 1003 2109 1070 mentem
2159 995 2332 1094 legis
2382 1018 2619 1069 eruere
2666 1002 2957 1069 conetur
3001 1019 3360 1094 quumque
3402 995 3489 1068 iis
3533 993 3701 1069 insit

657 1111 961 1188 abstrusi
1013 1111 1280 1212 aliquid
1303 1170 1324 1201 ,
1387 1112 1496 1188 vel
1552 1113 1724 1211 quid
1766 1114 2096 1214 ambigue
2142 1124 2265 1190 aut
2323 1115 2657 1190 contrarie
2704 1114 2795 1190 sit
2842 1116 3179 1215 scriptum
3196 1174 3219 1204 ‚
3268 1123 3391 1190 aut
3430 1114 3529 1190 ita
3550 1172 3571 1202 ‚
3619 1123 3701 1190 ut

657 1257 700 1307 a
761 1232 1104 1307 sententia
1163 1231 1501 1332 scriptum
1569 1232 1936 1322 dissideat,
2007 1234 2293 1310 latentia
2342 1259 2682 1335 exponere
2702 1292 2722 1322 ,
2790 1235 3084 1310 obscura
3134 1236 3503 1337 explicare,
3552 1259 3699 1309 am-

655 1349 874 1450 bigua
928 1350 1214 1426 definire
1231 1409 1252 1440 ‚
1313 1351 1703 1450 pugnantia
1758 1353 1830 1427 in
1885 1355 2319 1430 concordiam
2362 1355 2694 1454 redigere.
2800 1354 3015 1434 Quod
3060 1379 3282 1430 unum
3322 1355 3702 1430 alterumve

659 1478 742 1544 ιιι
795 1477 980 1545 recte
1051 1471 1212 1561 fiat,
1279 1469 1353 1546 in
1423 1471 1650 1545 verbis
1720 1471 1997 1548 haerere
2061 1496 2201 1548 non
2261 1481 2575 1573 oportet;
2641 1473 2940 1548 rationes
2990 1484 3156 1549 sunt
3182 1473 3662 1573 ,exquirendae
3681 1531 3701 1561 ,

657 1588 1218 1689 investigandum
1241 1649 1260 1678 ,
1321 1613 1665 1688 quaenam
1727 1590 1939 1666 fuerit
1993 1600 2155 1668 ante
2218 1593 2443 1692 legem
2487 1593 2701 1668 latam
2746 1592 2917 1667 iuris
2968 1593 3308 1682 conditi0‚
3359 1617 3703 1692 quaenam

661 1709 810 1783 eius
881 1708 1290 1785 sanciendae
1347 1733 1556 1785 causa
1625 1717 1698 1784 et
1768 1713 2286 1810 opportunitas,
2362 1735 2575 1811 quem
2639 1712 2850 1788 finem
2904 1713 3055 1788 eius
3124 1713 3329 1801 lator,
3398 1710 3710 1811 rogando

659 1827 886 1927 legem
903 1886 926 1917 ,
995 1853 1148 1904 sese
1213 1836 1693 1932 assecuturum
1758 1856 1908 1907 esse
1980 1833 2371 1932 speraverit.
2471 1835 2585 1908 Ita
2636 1833 3121 1932 grammatices
3176 1857 3257 1907 ac
3319 1829 3708 1905 dialectices

659 1957 807 2022 arte
860 1947 1178 2024 adhibita
1217 1956 1289 2025 et
1330 1949 1656 2026 historiae
1695 1951 1849 2026 luce
1894 1951 2141 2042 allata,
2191 1975 2331 2027 non
2370 1951 2617 2040 verba,
2670 1951 2794 2027 sed
2833 1975 3073 2027 eorum
3113 1950 3254 2026 vim
3288 1973 3369 2026 ac
3407 1956 3705 2048 potesta-

647 2053 806 2142 ‘tem
853 2068 1122 2144 tenebit
1167 2069 1530 2168 interpres.

762 2189 862 2262 At
925 2213 1014 2264 ne
1079 2189 1153 2263 in
1221 2213 1306 2264 eo
1369 2188 1656 2287 quidem
1703 2189 2075 2282 subsistet,
2142 2191 2268 2291 qui
2317 2187 2900 2290 iurisprudentiae
2947 2189 3231 2289 dignam
3272 2187 3421 2261 vult
3466 2209 3715 2261 navare

663 2331 966 2408 operam.
1068 2308 1370 2407 Cognito
1434 2309 1622 2383 enim
1681 2334 1762 2386 ac
1818 2318 2177 2411 perspecto
2228 2310 2405 2410 legis
2448 2309 2737 2385 consilio
2756 2367 2778 2398 ,
2826 2315 3055 2383 totum
3105 2307 3295 2407 quod
3346 2306 3436 2381 ab
3480 2331 3561 2381 ea
3608 2330 3714 2380 re-

663 2427 854 2528 gitur
911 2429 1317 2504 institutum
1383 2429 1615 2504 animo
1661 2455 1789 2504 suo
1843 2431 2109 2506 volvere
2163 2437 2234 2506 et
2286 2431 2377 2505 ab
2426 2429 2619 2504 omni
2640 2437 2859 2528 ‘parte
2918 2441 3177 2501 vertere
3201 2483 3221 2516 ,
3272 2425 3491 2502 varias
3542 2449 3719 2523 quas

665 2548 740 2622 in
794 2547 934 2623 vita
991 2548 1396 2646 quotidiana
1444 2548 1732 2624 induere
1780 2549 2035 2624 formas
2075 2549 2634 2649 multiplicesque
2682 2547 2941 2645 quibus
2990 2571 3141 2620 sese
3191 2545 3513 2620 exhibere
3560 2569 3717 2644 pos-

668 2668 758 2742 sit
819 2668 1082 2766 species
1156 2667 1506 2766 explorare
1526 2723 1562 2756 ,-,
1613 2693 1956 2766 quaenam
2020 2671 2447 2744 extrinsecus
2510 2675 2861 2742 momenta
2927 2667 3067 2741 vim
3136 2665 3441 2744 habeant
3488 2663 3717 2763 inqui-

667 2811 814 2860 rere
836 2846 857 2876 ,
919 2788 1270 2885 quomodo
1338 2786 1638 2886 denique
1689 2813 1848 2862 cum
1900 2789 2052 2864 aliis
2097 2789 2268 2863 iuris
2315 2788 2656 2863 institutis
2701 2785 3061 2861 cohaereat
3112 2794 3185 2859 et
3232 2793 3579 2883 quatenus
3628 2781 3717 2858 ab

668 2906 754 2980 iis
789 2907 1167 3008 discrepet,
1205 2931 1368 2982 eum
1411 2906 1740 3008 indagare
1774 2917 2063 3007 oportet.
2164 2909 2324 2986 Hac
2361 2908 2619 2983 scilicet
2656 2907 2919 2981 ratione
2950 2906 3133 3005 legi,
3182 2905 3450 3004 corpori
3494 2927 3620 3002 per
3651 2927 3724 2976 se

669 3027 912 3117 inerti,
977 3028 1336 3103 inflabitur
1395 3027 1627 3103 anima
1677 3037 1750 3102 et
1789 3052 1995 3103 nemo
2038 3028 2236 3105 facile
2286 3028 2803 3103 desideraturus
2844 3035 2951 3102 est
3012 3048 3331 3101 normam
3378 3023 3470 3101 ad
3512 3048 3725 3124 quam

671 3146 1018 3247 quidquid
1065 3156 1378 3223 occurrat
1426 3147 1557 3221 rite
1607 3146 1862 3247 exigat.

770 3267 925 3342 Iam
975 3290 1134 3342 vero
1179 3266 1254 3341 in
1299 3266 1428 3342 hac
1473 3266 1974 3366 interpretandi
2021 3276 2168 3341 arte
2211 3268 2455 3342 ceteris
2496 3266 2650 3343 aliis
2694 3266 2793 3340 ita
2844 3272 3197 3365 praestant
3248 3266 3722 3339 Romanorum

671 3386 846 3474 leti,
916 3394 996 3460 ut
1057 3386 1304 3461 merito
1359 3386 1676 3462 omnium
1745 3386 2132 3463 seculorum
2195 3386 2725 3461 admirationem
2778 3383 3225 3459 excitaverint
3278 3384 3555 3481 sintque
3607 3406 3723 3455 ex-

671 3506 952 3581 citaturi
973 3564 994 3595 ,
1044 3506 1385 3604 quamdiu
1426 3506 2005 3606 iurisprudentiae
2059 3532 2230 3583 suus
2277 3506 2625 3583 constabit
2678 3506 2917 3581 honos,
3023 3504 3346 3580 Otiosum
3405 3510 3588 3575 esset
3642 3525 3724 3574 ac

673 3623 1000 3723 putidum
1023 3684 1044 3714 ‚
1111 3626 1384 3701 etiamsi
1444 3627 1772 3725 temporis
1832 3627 2198 3727 angustiae
2264 3652 2405 3701 non
2468 3626 2927 3725 impedirent,
2996 3624 3207 3698 huius
3265 3619 3723 3722 praestantiae
3778 3706 3787 3713 ,

675 3745 898 3820 multa
962 3746 1256 3821 excitare
1329 3745 1682 3846 exempla,
1755 3772 1978 3847 quum
2032 3748 2268 3822 nullus
2329 3747 2471 3821 fere
2515 3746 2966 3845 Digestorum
3021 3743 3272 3817 titulus
3319 3742 3405 3815 iis
3454 3764 3593 3813 non
3637 3738 3727 3812 sit

677 3864 991 3940 refertus.
1088 3866 1208 3940 Ad
1257 3891 1478 3940 unum
1515 3888 1888 3967 ‘provocare
1929 3867 2164 3957 lubet,
2215 3891 2354 3942 non
2408 3874 2485 3941 ut
2528 3892 2612 3940 ex
2656 3890 2770 3939 me
2812 3861 3278 3963 cognoscatis,
3328 3860 3453 3935 sed
3495 3858 3726 3959 potius

681 3991 764 4057 ut
831 4009 1106 4059 mecum
1174 3985 1698 4084 recognoscatis.
1797 3986 2081 4062 Praetor
2150 3986 2224 4061 in
2303 3986 2531 4060 edicto
2614 4009 2741 4058 suo
2810 3983 3041 4081 fragili
3097 3982 3445 4056 minorum
3510 3979 3724 4053 aetati

679 4104 1018 4178 auxilium
1067 4104 1428 4203 pollicetur
1478 4104 1606 4181 hac
1652 4106 1956 4181 oratione
1986 4110 2070 4199 ¹).
2145 4135 2182 4176 o
2199 4106 2411 4185 Quod
2442 4128 2606 4179 cum
2652 4103 2917 4177 minore
2961 4105 3053 4177 25
3101 4103 3300 4176 annis
3352 4109 3525 4174 natu
3569 4122 3725 4197 ges-

689 4229 896 4297 ntum
942 4223 1114 4313 erit,
1165 4225 1274 4298 uti
1321 4220 1638 4324 quaeque
1684 4251 1792 4300 res
1844 4226 1974 4300 erit
2021 4224 2634 4301 animadvertam.”
2732 4223 2845 4295 En
2886 4221 3302 4321 paucissima
3351 4229 3422 4294 et
3462 4216 3724 4317 simpli-

681 4343 959 4419 cissima
1009 4344 1250 4420 verba!
1305 4344 1564 4443 quibus
1607 4354 1842 4421 tamen
1891 4352 2106 4421 totam
2152 4342 2609 4420 restitutionis
2659 4349 2981 4416 naturam
3003 4398 3023 4428 ,
3076 4340 3215 4413 vim
3256 4347 3327 4413 et
3366 4336 3725 4411 efficacita-

681 4468 832 4535 tem
891 4462 988 4537 ita
1031 4464 1447 4563 superstruit
1493 4471 1892 4554 chrunus,
1943 4473 2024 4539 ut
2067 4464 2497 4565 perlustratis
2548 4462 2673 4561 qui
2723 4460 2859 4535 huc
2901 4459 3249 4559 pertinent
3304 4456 3467 4529 locis
3486 4511 3506 4541 ,
3570 4475 3725 4549 per-

685 4576 942 4655 fectam
1007 4591 1220 4681 atque
1285 4582 1676 4658 absolutam
1733 4584 1834 4659 rei
1889 4584 2146 4659 habeas
2207 4584 2608 4683 imaginem.
2708 4578 3041 4679 Exposito
3090 4575 3349 4674 quippe
3397 4569 3727 4670 praetoris

779 4833 936 4916 ι)ι,.
981 4843 1046 4911 1,
1087 4842 1113 4918 ς
1160 4844 1210 4901 ι.
1251 4842 1324 4903 D.
1365 4841 1435 4903 de
1475 4842 1610 4905 min.
1649 4844 1738 4926 (4.
1779 4841 1863 4923 4).
