4730 6049
1838 610 2398 681 ORATIO.
3521 612 3647 679 141

576 823 777 901 potest.
861 821 1057 882 Posset
1108 838 1273 893 sane,
1326 818 1377 879 si
1430 821 1557 899 quis
1612 822 1849 884 eundem
1902 829 2153 903 tempore
2198 820 2395 883 eodem
2441 827 2498 883 et
2541 820 2739 881 vixisse
2781 827 2838 879 et
2879 827 3158 881 mortuum
3200 821 3368 881 tuisse
3409 840 3649 901 pronun·

578 922 766 984 eiaret.
854 923 1149 983 Caeterum
1204 928 1269 983 ut
1319 928 1541 985 mortuo
1596 925 1712 987 vita
1762 926 1921 985 reddi
1974 925 2179 1006 possit,
2236 924 2558 1005 praesertim
2610 942 2709 1003 per
2762 922 2900 983 Eius
2955 924 3246 984 efficaciam
3265 968 3280 996 ‚
3337 924 3432 1003 qui
3480 922 3649 983 vitam

578 1027 819 1107 primum
858 1025 1079 1086 homini
1118 1024 1273 1086 dedit
1286 1071 1303 1098 ‚
1362 1046 1461 1087 eur
1498 1044 1601 1107 pro
1640 1027 1972 1108 impossibili
2013 1028 2284 1087 habeatur
2297 1070 2311 1098 ,
2355 1026 2500 1085 nihil
2541 1044 2734 1085 causae
2773 1028 2875 1085 est.
2959 1026 3128 1086 Quod
3169 1026 3216 1085 si
3258 1045 3362 1087 neo
3399 1026 3654 1105 impossi-

578 1127 690 1189 bile
731 1133 851 1199 est,
900 1132 963 1188 ut
1002 1144 1291 1188 eumerus
1332 1128 1393 1188 in
1434 1128 1608 1191 vitam
1648 1128 1903 1203 redierit,
1946 1134 2005 1191 et
2038 1128 2171 1191 satis
2213 1128 2430 1205 magnis
2465 1128 2795 1189 testimoniis
2832 1126 2891 1187 id
2933 1134 3179 1201 constat,
3221 1130 3270 1188 is
3309 1127 3428 1207 ipse
3467 1134 3652 1188 autem

580 1246 907 1302 camaras,
950 1236 1012 1290 ut
1054 1235 1112 1291 et
1150 1230 1235 1289 sui
1280 1236 1337 1291 et
1375 1230 1543 1291 alieni
1582 1230 1857 1305 latentur,
1901 1252 2107 1293 novum
2148 1212 2390 1313 protulit·
2418 1230 2624 1309 dogma
2659 1236 2919 1310 tanquam
2957 1230 3216 1291 mandato
3250 1228 3473 1303 divino,
3517 1250 3652 1290 sane

584 1331 831 1411 sequitur
884 1338 951 1392 ut
1002 1331 1209 1409 dogma
1264 1352 1459 1393 verum
1506 1333 1610 1406 sit,
1666 1354 1783 1395 eum
1820 1334 2041 1395 divinae
2077 1334 2334 1396 institiae
2375 1352 2445 1393 ac
2483 1332 2793 1409 sapientiae
2831 1335 3148 1395 &versetur
3164 1377 3179 1405 ‚
3223 1340 3336 1393 tam
3371 1334 3656 1393 eoeeeHenci

576 1436 731 1495 nodo
781 1454 901 1495 eum
953 1454 1153 1495 ornare
1166 1480 1183 1508 ,
1223 1436 1325 1513 qui
1344 1437 1567 1510 salsum
1605 1435 1667 1497 in
1710 1456 1773 1497 re
1826 1443 1989 1497 tanta
2042 1435 2457 1497 conmisisset?
2499 1468 2582 1483 —
2629 1434 2719 1497 ef.
2762 1452 2940 1497 onor.
2977 1436 3046 1496 de
3083 1438 3320 1497 veritate
3359 1436 3648 1511 religionis

587 1537 975 1610 Chr-ism,
1016 1539 1057 1597 l.
1096 1538 1181 1597 11.
1221 1540 1247 1615 ς
1286 1538 1341 1595 V
1384 1541 1441 1597 et
1480 1538 1617 1597 VII.
1658 1558 1717 1619 p.
1762 1544 1837 1600 99
1880 1544 1940 1599 et
1983 1542 2121 1601 106.
2162 1538 2318 1598 Edit.
2361 1536 2585 1597 Clerici.

666 1639 729 1719 8)
786 1640 1007 1715 Optime
1060 1642 1323 1701 humanae
1370 1640 1745 1702 imbecillitati
1796 1641 2149 1702 consuluerit.
2234 1640 2448 1711 Multa,
2504 1658 2646 1719 quae
2700 1640 2810 1700 hue
2865 1646 3113 1720 spectant
3165 1650 3224 1701 et
3275 1640 3445 1701 etiam
3499 1658 3646 1699 nunc

578 1740 721 1801 bene
780 1740 1117 1802 considerari
1169 1748 1480 1816 merentur,
1535 1742 1727 1805 insunt
1768 1744 2037 1816 orationi,
2093 1744 2165 1804 ab
2207 1758 2548 1803 numano
2587 1758 2937 1814 norun-ns,
2991 1744 3189 1803 Theoi.
3233 1744 3382 1803 Prof.
3424 1743 3650 1801 Rheno·

578 1844 733 1905 Trai.
758 1890 775 1917 ‚
834 1862 1031 1905 nux.
1087 1861 1217 1905 1011.
1276 1850 1464 1925 patre,
1519 1866 1573 1906 a.
1630 1849 1783 1909 1807
1805 1892 1821 1919 ,
1870 1846 2126 1917 habitae,
2178 1851 2237 1905 et
2276 1846 2554 1921 Haqanae
2593 1846 2892 1905 Societaa’a
2938 1848 3081 1922 Opp.
3129 1848 3400 1906 insertae:
3449 1850 3648 1907 ’Λαπ-

578 1950 792 2024 spraak
832 1954 923 2008 tea
958 1951 1179 2023 betooqe
1196 1992 1213 2019 ,
1255 1949 1357 2008 dae
1393 1951 1491 2007 het
1530 1949 1909 2009 ebrietendom
1949 1950 2145 2009 zonder
2184 1949 2500 2008 daadzaken
2534 1948 2651 2007 niet
2691 1950 2906 2007 ὀρούσαι
2921 1992 2936 2019 ,
2991 1967 3146 2007 maar
3185 1954 3290 2007 met
3327 1936 3534 2008 dezelve
3574 1968 3645 2023 op

576 2050 677 2109 let
723 2057 1001 2111 mavorte
1052 2051 1351 2111 verbanden
1395 2050 1451 2111 ie
1464 2095 1481 2123 ,
1536 2068 1605 2111 en
1652 2052 1755 2111 dus
1797 2054 1988 2128 yekeel
2022 2052 2237 2111 vervalt
2252 2095 2267 2123 ,
2310 2068 2556 2110 mamer-
2593 2050 2659 2108 de
2697 2050 2926 2126 Hestiye
2958 2052 3396 2125 ,qebeurtem‘seen
3433 2054 3646 2111 worden
3711 2128 3719 2136 x

576 2152 665 2212 ait
716 2154 815 2213 het
866 2172 970 2229 ⁰09
1022 2152 1332 2213 verzoren.”
1414 2153 1562 2213 Ven.
1614 2170 1667 2213 r.
1710 2172 1771 2213 a.
1815 2169 2211 2214 nuenxnonrz
2250 2150 2400 2212 idem
2442 2156 2824 2228 argumentum
2864 2154 3048 2229 attigit
3091 2154 3482 2229 (Godqeleerde
3523 2155 3650 2229 B&-

576 2254 783 2329 drayen
842 2258 1023 2317 1856.
1078 2275 1134 2336 p.
1184 2252 1535 2335 177—188)
1587 2255 1647 2315 in
1696 2256 2116 2336 scriptiuneula,
2170 2258 2320 2317 lectu
2356 2254 2558 2332 digna,
2603 2252 2694 2314 eui
2732 2254 3020 2335 inscriptio
3065 2261 3150 2316 est
3189 2255 3348 2317 data:
3391 2258 3520 2317 Kan
3559 2258 3653 2316 hec

584 2346 961 2417 cantilenam
1000 2359 1089 2417 ala
1122 2358 1447 2432 yodsdienet
1484 2358 1587 2417 den
1628 2358 2029 2419 Historiscken
2062 2358 2368 2435 yrondelay
2409 2357 2654 2417 misem?

658 2457 725 2540 9)
778 2460 1136 2521 Lassrnoms
1190 2462 1360 2521 talem
1376 2505 1391 2532 ,
1440 2462 1664 2539 qualem
1719 2466 2078 2541 proposuerat
2136 2476 2396 2520 enorme
2413 2503 2428 2531 ,
2484 2458 3020 2535 argumentationem
3073 2463 3398 2534 μετάβασιν
3450 2462 3530 2530 εἷς
3579 2466 3646 2520 τὶ

578 2562 733 2620 ἄλλο
784 2562 947 2634 γένος
986 2558 1159 2632 dixit,
1217 2566 1275 2621 et
1316 2560 1649 2622 sententiam
1692 2581 1877 2635 suam,
1920 2582 2029 2642 qua
2072 2560 2359 2639 religionis
2399 2560 2687 2620 veritatem
2725 2560 2960 2621 minime
2999 2562 3072 2621 ab
3113 2562 3368 2623 Historia
3407 2561 3647 2643 pendere

578 2662 801 2736 statuit,
844 2681 1003 2723 more
1042 2682 1143 2723 suo
1160 2708 1179 2734 ‚
1232 2662 1273 2723 i.
1309 2682 1361 2725 e.
1401 2663 1845 2740 ingeniosissime
1862 2707 1877 2735 ,
1917 2663 2245 2735 illustravit,
2288 2661 2580 2721 notissima
2617 2662 2880 2741 parabola
2919 2661 2990 2722 de
3027 2664 3160 2723 ficto
3199 2664 3477 2725 incendio.
3539 2664 3646 2723 Le·

576 2765 727 2843 gitur
782 2765 927 2825 haee
984 2766 1250 2845 parabola
1299 2764 1361 2824 in
1418 2780 1715 2828 maman
1775 2767 1922 2842 opp.
1976 2766 2047 2827 Τ.
2106 2765 2212 2825 IX.
2268 2784 2325 2845 p.
2372 2766 2522 2841 18'z;
2581 2761 2728 2842 apud
2767 2779 2822 2823 c.
2863 2781 3190 2826 scnwaa‘rz
3205 2811 3220 2838 ,
3278 2781 3518 2826 nasama
3560 2769 3650 2825 als

584 2868 851 2943 fleoloqe
888 2868 1251 2944 daryeaetellt,
1292 2887 1348 2948 p.
1394 2871 1745 2943 144—161,
1800 2890 1867 2930 ao
1908 2867 2127 2946 belgice
2164 2868 2307 2949 apud
2348 2867 2440 2927 Cl.
2481 2882 2816 2947 scnomnn,
2855 2868 2922 2927 de
2961 2870 3103 2939 Leer
3139 2869 3238 2927 der
3277 2868 3455 2928 Here.
3490 2868 3648 2927 Kerk

575 2970 637 3031 ia
688 2973 829 3031 kare
877 2970 1357 3047 gros-aminoclen
1372 3016 1387 3044 ‚
1444 2972 1517 3032 Τ.
1558 2973 1611 3033 Ι.
1652 2992 1707 3052 Ρ.
1752 2975 1869 3032 212
1912 2990 2035 3052 sqq.
2074 2969 2273 3033 tertiae
2316 2968 2452 3031 edit.
2533 2969 2850 3032 Heme-ns
2903 2986 3161 3032 nannius
3211 2970 3270 3032 in
3309 2970 3456 3031 libro
3470 3015 3485 3043 ‚
3529 2989 3645 3031 sae-

578 3073 699 3154 pius
753 3073 980 3136 citando
997 3119 1014 3147 ,
1070 3075 1166 3155 qui
1220 3076 1513 3136 vernacule
1566 3075 1735 3136 etiam
1788 3074 1994 3157 prodiit
2033 3093 2156 3136 eum
2196 3073 2540 3155 praefatione
2580 3073 2728 3134 Ven.
2767 3090 2998 3136 Busxnn
3041 3081 3227 3135 nuere
3299 3100 3328 3128 ι
3347 3059 3464 3135 &in
3497 3095 3646 3150 gana

586 3178 757 3237 durch
792 3178 883 3238 die
932 3179 1271 3239 Obrietliebe
1316 3177 1540 3250 1781έῇ
1582 3201 1637 3260 p.
1681 3182 1825 3252 117,
1868 3178 2053 3240 thesin
2093 3178 2546 3255 Lessingianam=
2615 3203 2646 3231 ι
2663 3177 2936 3254 Zufallige
2979 3177 3650 3238 Gesohiehtswahrheiten

578 3281 805 3341 konnen
860 3282 959 3342 der
1012 3282 1227 3342 Beweis
1284 3301 1393 3343 von
1450 3281 1879 3360 nothwendigen
1932 3279 2560 3340 Vernunftwahrheiten
2614 3279 2707 3338 nie
2760 3279 2975 3338 werden
2992 3279 3052 3352 ,'’
3096 3281 3258 3359 plane
3298 3299 3455 3340 suam
3493 3279 3645 3341 feeit.

581 3381 687 3442 Cui
744 3402 851 3461 ego
904 3383 1165 3445 lubenter
1178 3429 1195 3456 ‚
1252 3381 1555 3444 dummodo
1609 3387 1758 3445 reete
1810 3383 2112 3464 explicetur
2149 3387 2208 3443 et
2250 3385 2410 3443 caute
2451 3381 2806 3454 adhibeatur,
2847 3381 2996 3442 thesi
3033 3381 3472 3457 subscriberem3
3516 3401 3648 3460 qua-

579 3491 739 3546 tenus
780 3503 983 3566 nempe
1022 3485 1283 3547 veritates
1324 3491 1581 3547 aeternae
1596 3531 1611 3558 ‚
1665 3485 1706 3545 i.
1748 3503 1799 3545 e.
1840 3485 1983 3544 tales
2000 3529 2017 3557 ,
2062 3485 2253 3564 quales
2290 3481 2434 3543 ratio
2475 3485 2674 3562 sponte
2715 3480 2968 3558 agnoseit
3007 3485 3066 3540 et
3105 3499 3406 3558 agnoscere
3444 3479 3643 3552 debet,

577 3587 809 3649 minime
858 3609 895 3650 a
949 3588 1115 3650 factis
1165 3588 1471 3650 Historieis
1517 3586 1797 3670 pendeant
1851 3589 1941 3668 vel
1976 3585 2217 3668 pendere
2256 3585 2502 3664 possint,
2557 3603 2737 3662 neque
2781 3601 2970 3644 eorum
3011 3582 3462 3662 eomprobatione
3498 3581 3643 3641 indi·

578 3696 764 3766 geant.
869 3689 1189 3752 Admodum
1247 3698 1435 3752 autem
1490 3709 1685 3754 vereor
1738 3709 1811 3750 ne
1864 3705 2205 3750 Lusslnems
2262 3693 2320 3748 et
2377 3686 2473 3766 qui
2529 3705 2654 3746 eum
2713 3685 2813 3746 illo
2867 3685 3117 3745 fecerunt
3171 3705 3240 3746 ex
3293 3685 3400 3745 hae
3451 3685 3644 3762 regula

578 3791 817 3854 nimium
873 3792 1209 3867 derivarint,
1266 3811 1405 3855 nrsn
1459 3791 1847 3855 resurrectioni
1901 3791 1971 3852 ad
2025 3809 2163 3852 usu
2215 3789 2548 3868 dig-nitatem
2597 3789 2685 3847 vel
2731 3787 3163 3848 immortalitatis
3201 3807 3356 3868 spem
3395 3806 3645 3868 oompro·

578 3893 821 3956 bandum
874 3915 1097 3956 omnem
1153 3897 1265 3958 vim
1320 3896 1679 3975 denegantes.
1760 3893 2043 3956 Nimirum
2097 3891 2345 3972 quaestio
2397 3897 2583 3952 utrum
2634 3907 2802 3950 maus
2841 3890 2890 3950 is
2930 3889 3126 3962 fuerit,
3182 3911 3350 3971 quem
3389 3910 3450 3950 se
3489 3909 3644 3970 prae-

581 3996 787 4061 dicavit
804 4043 819 4070 ‚
878 3998 1111 4060 minime
1164 4000 1405 4061 aeternis
1455 4000 1778 4062 veritatibus
1794 4043 1809 4071 ‚
1866 4017 2002 4078 quas
2042 3997 2183 4058 ratio
2224 4004 2422 4076 sponte
2460 3992 2712 4072 agnoseit
2752 3999 2809 4054 et
2849 4013 3150 4071 agnoscere
3190 3993 3357 4055 debet
3371 4039 3386 4066 ,
3429 3999 3514 4054 est
3555 4013 3645 4053 ac·

583 4100 888 4178 censenda3
933 4107 993 4162 at
1031 4103 1207 4164 multo
1247 4101 1428 4179 magis
1470 4109 1555 4163 est
1596 4101 1869 4162 Historici
1909 4099 2159 4178 generis,
2200 4098 2466 4159 historice
2499 4095 2825 4158 dirimenda.
2907 4098 3118 4160 Quidni
3143 4098 3314 4175 igitur
3354 4097 3642 4157 Historiae

581 4203 729 4263 facto
783 4203 1099 4264 confirmari
1156 4209 1213 4265 et
1265 4205 1615 4285 comprobari
1664 4205 1911 4285 poterit?
1971 4205 2043 4264 In
2096 4207 2325 4282 utraque
2381 4200 2732 4280 quaestione,
2787 4220 2940 4262 mors
2989 4193 3234 4282 eorporis
3269 4199 3644 4259 interitus'sit

583 4306 753 4366 totius
806 4305 1081 4379 hominis,
1140 4327 1215 4368 an
1269 4327 1401 4369 vero
1458 4308 1675 4369 animus
1731 4309 1820 4367 vel
1868 4307 1986 4387 ipse
2027 4305 2197 4365 homo
2236 4309 2363 4384 post
2402 4309 2640 4365 mortem
2681 4305 2757 4364 sit
2795 4311 3098 4385 superstes,
3139 4323 3311 4382 aeque
3349 4321 3414 4361 ae
3454 4307 3638 4360 utrum

584 4399 745 4470 ilaus
799 4429 992 4470 revera
1044 4416 1295 4470 mortuus
1350 4410 1411 4470 in
1466 4411 1622 4471 vivos
1674 4409 1931 4480 redierit,
1987 4427 2075 4468 res
2128 4405 2319 4468 eadem
2375 4405 2558 4484 agitur
2604 4411 2664 4467 et
2707 4406 2987 4484 tangitur3
3029 4423 3210 4484 neque
3249 4403 3374 4474 hio,
3417 4401 3466 4460 si
3507 4399 3638 4479 quid

586 4511 743 4574 rideo
760 4557 779 4585 ,
820 4509 1145 4586 μετάβασις
1184 4513 1263 4581 εἷς
1306 4517 1373 4574 τὶ
1414 4513 1573 4573 ἄλλο
1616 4514 1767 4594 carpi
1803 4517 2060 4572 meretur.

665 4618 773 4690 10)
814 4613 1125 4687 Kana-108,
1166 4616 1258 4676 die
1299 4616 1561 4692 Reliqion
1598 4615 1880 4676 innerhalb
1915 4616 2014 4675 der
2058 4615 2299 4674 Ormen
2335 4613 2434 4673 der
2471 4613 2655 4673 νείκει·
2701 4614 2774 4672 V.
2816 4631 2872 4692 p.
2916 4612 3253 4671 107-119,

669 4721 775 4792 11)
818 4721 1149 4778 Auuonms
1168 4763 1183 4790 ‚
1242 4719 1605 4794 Fortbilduny
1654 4719 1751 4778 des
1810 4718 2277 4790 Christentkume,
2334 4717 2404 4776 Τ.
2445 4715 2496 4775 1.
2537 4735 2592 4796 Ρ.
2638 4717 2774 4778 170.
2872 4711 3198 4772 nZwisohen
3253 4706 3360 4768 den
3417 4707 3638 4784 Gegen·

585 4817 817 4880 atii-aden
876 4817 978 4880 der
1036 4818 1377 4882 Geschiehte
1427 4819 1541 4881 und
1594 4819 1702 4880 den
1746 4817 2023 4898 Objeeten
2060 4818 2243 4880 reiner
2281 4816 2694 4892 Ansehauung,
2735 4833 2798 4874 so
2839 4812 2940 4873 wie
2978 4810 3078 4872 des
3113 4809 3326 4870 idealen
3367 4805 3480 4867 und
3523 4827 3642 4869 mo-
