4730 6049
1001 635 1087 698 48
2100 633 2149 697 1.
2227 633 2296 698 Ε.
2367 631 2936 699 GOUDSMIT

1002 838 1165 912 dere
1185 896 1205 926 ,
1256 837 1397 911 imo
1439 837 1503 912 ei
1543 837 1892 936 quandam
1941 837 2495 914 immobilitatem
2542 839 2913 916 adhaerere
2958 846 3249 939 putant,
3300 839 3474 915 adeo
3527 847 3607 914 ιιι
3653 839 3729 914 in
3775 838 4049 915 iudiciis

1001 953 1298 1030 subinde
1374 955 1444 1028 in
1512 955 1804 1030 dubium
1869 957 2169 1032 revocari
2237 958 2471 1034 videas
2532 985 2650 1048 ea,
2718 984 2897 1059 quae
2957 959 3270 1034 unanimi
3328 959 3649 1035 omnium
3709 983 4051 1035 consensu

997 1076 1138 1150 iam
1209 1075 1479 1149 dudum
1543 1084 1708 1149 sunt
1757 1076 2044 1175 probata
2101 1084 2174 1151 et
2229 1088 2529 1177 accepta.
2627 1081 2716 1154 In
2784 1088 3094 1154 mentem
3144 1078 3320 1155 mihi
3380 1078 3569 1154 venit
3596 1079 3807 1167 eius,
3859 1077 4049 1177 quod

997 1195 1304 1271 accidere
1365 1195 1680 1270 videmus
1742 1196 1920 1270 circa
1980 1220 2213 1272 rerum
2266 1197 2633 1272 mobilium
2654 1257 2674 1287 ,
2741 1199 3143 1298 praesertim
3196 1198 3529 1274 mercium
3582 1197 4046 1274 traditionem.

996 1314 1072 1388 Si
1135 1315 1306 1413 quid
1374 1339 1707 1413 umquam
1733 1373 1752 1402 ,
1819 1315 1988 1390 haee
2044 1325 2228 1390 certe
2279 1316 2662 1392 arctissime
2702 1317 3023 1392 cohaeret
3074 1342 3239 1393 cum
3288 1317 3693 1392 necessitate
3742 1315 4051 1393 celeriter

992 1433 1572 1510 conficiendarum
1639 1441 1711 1509 et
1775 1434 2419 1533 coniungendarum
2487 1434 2669 1510 inter
2732 1461 2807 1510 se
2884 1434 3233 1512 actionum
3254 1494 3275 1524 ‚
3349 1460 3491 1534 qua
3550 1435 3775 1536 qualis
3844 1434 4047 1510 hodie

991 1561 1346 1628 exercetur
1390 1563 1808 1643 mercatura,
1873 1579 2128 1653 magna
2173 1554 2292 1628 illa
2339 1564 2411 1631 et
2454 1556 2729 1654 copiosa
2752 1613 2772 1644 ,
2824 1556 3137 1630 omnium
3180 1555 3467 1630 minime
3510 1581 3737 1633 carere
3782 1552 4045 1653 nequit.

990 1672 1250 1748 Merito
1301 1673 1539 1773 itaque
1593 1673 2092 1774 exspectaveris
2112 1730 2132 1761 ,
2203 1699 2342 1748 non
2409 1675 2592 1750 intra
2657 1684 2885 1750 vetera
2941 1700 3070 1750 nos
3120 1683 3191 1749 et
3254 1674 3582 1750 tralatitia
3650 1674 4009 1750 subtitisse
4027 1731 4048 1762 ,

991 1792 1117 1867 sed
1173 1794 1416 1884 citat0,
1452 1792 1679 1893 gradu
1743 1793 1924 1868 ultra
1983 1793 2336 1868 Romanos
2400 1818 2551 1868 esse
2616 1817 3033 1893 progressos.
3148 1794 3365 1874 Quod
3434 1804 3518 1869 ut
3586 1795 3849 1870 factum
3918 1793 4049 1881 sit,

985 1922 1266 1988 tantum
1341 1912 1578 2001 abest,
1649 1920 1731 1986 ut
1801 1911 2052 2012 pedem
2120 1915 2355 2012 potius
2429 1914 2873 1988 retulerimus
2893 1971 2914 2001 ‚
2982 1913 3079 1987 ita
3138 1923 3218 1988 ut
3284 1937 3345 1988 V.
3404 1939 3465 1990 c.
3530 1913 3618 1988 de
3672 1912 4051 1988 constituto

985 2032 1406 2131 possessorio
1463 2032 1654 2131 quod
1724 2032 1976 2107 dicitur
1994 2090 2014 2120 ‚
2082 2031 2170 2106 de
2219 2057 2360 2131 quo
2410 2034 2559 2109 iure
2608 2034 2927 2108 Romano
2972 2033 3317 2120 constitit,
3380 2033 3555 2108 serio
3604 2033 3675 2108 in
3720 2033 3869 2107 foro
3896 2031 4049 2108 dis-

985 2159 1312 2250 putetur,
1362 2176 1450 2226 ne
1491 2150 1666 2226 dum
1719 2160 1797 2226 ut
1842 2160 2302 2251 agnoscantur
2341 2153 2528 2238 varia
2560 2153 2679 2228 llla
2716 2151 3051 2228 mercium
3092 2151 3723 2228 transferendarum
3758 2173 4047 2250 genera,

983 2295 1166 2368 quae
1230 2270 1370 2344 iam
1431 2270 1703 2345 dudum
1767 2269 2210 2346 invaluerunt
2277 2296 2597 2370 quaeque
2654 2295 2861 2347 nemo
2908 2297 2994 2346 ex
3036 2272 3207 2347 Ictis
3250 2272 3582 2346 Romanis
3630 2270 4046 2369 respuisset,

985 2390 1109 2488 qui
1165 2389 1380 2484 probe
1443 2388 1955 2488 percipiebant,
2023 2390 2414 2466 traditionis
2464 2399 2628 2466 actu
2649 2449 2669 2479 ,
2732 2391 2887 2476 ,sive
2948 2391 3051 2465 rei
3096 2392 3317 2490 ipsius
3370 2390 3477 2465 vel
3520 2390 3819 2466 clavium
3861 2387 4051 2489 apud

985 2509 1224 2584 horrea
1291 2517 1635 2584 constaret
1705 2508 2074 2584 traditione
2093 2568 2113 2599 ‚
2182 2511 2324 2584 sive
2388 2511 2571 2586 dolia
2636 2519 2763 2587 aut
2824 2511 3053 2586 trabes
3112 2510 3453 2609 signando
3500 2516 4009 2609 perpetraretur
4028 2566 4049 2596 ,

983 2631 1084 2706 nil
1139 2630 1333 2705 aliud
1399 2630 1772 2728 significari
1791 2687 1811 2717 ,
1877 2629 2016 2704 nisi
2063 2638 2145 2705 ut
2189 2629 2349 2729 quis
2396 2656 2544 2706 rem
2590 2632 2825 2708 animo
2866 2631 3001 2705 sibi
3047 2629 3352 2704 habendi
3396 2653 3677 2729 quoquo
3724 2628 3933 2703 modo
3974 2626 4049 2702 in

982 2756 1325 2850 potestate
1376 2774 1504 2824 sua
1551 2748 1958 2847 acquisitam
2014 2749 2289 2828 habeat.
2423 2801 2427 2806 -

1082 2871 1264 2946 Sunt
1305 2870 1431 2968 qui
1469 2869 1757 2943 huiusce
1794 2869 1895 2944 rei
1935 2868 2214 2967 culpam
2258 2870 2574 2944 tribuant
2613 2868 2996 2944 Codicibus
3025 2868 3299 2966 scriptis
3318 2926 3339 2957 ‚
3379 2869 3580 2967 quasi
3604 2867 3707 2944 illi
3734 2867 4051 2967 angustis

982 2991 1353 3067 verborum
1411 2988 1730 3065 cancellis
1783 2989 1971 3063 Ictos
2020 2988 2529 3064 circumdantes
2552 3048 2573 3077 ,
2622 3012 2835 3065 novas
2887 3011 3067 3086 quae
3112 2996 3490 3088 appareant
3528 2989 3791 3089 species
3833 2987 4049 3087 repel-

987 3106 1137 3186 lant
1187 3109 1497 3207 iurisque
1550 3108 1725 3183 adeo
1768 3131 2212 3207 progressum
2258 3108 2667 3207 impediant.
2766 3105 3115 3205 Equidem
3164 3115 3289 3183 aut
3334 3108 3568 3198 fallor,
3630 3118 3755 3183 aut
3806 3130 4047 3206 quere-

981 3218 1209 3305 larum
1272 3228 1348 3303 in
1412 3225 1811 3302 hominibus
1829 3284 1852 3315 ,
1917 3250 2059 3301 non
2119 3226 2194 3301 in
2247 3251 2323 3302 re
2370 3234 2476 3301 est
2528 3227 2735 3326 culpa
2784 3226 3188 3325 malumque
3238 3228 3471 3327 potius
3521 3228 3684 3304 oriri
3726 3226 4049 3303 existimo

982 3372 1070 3423 ex
1133 3347 1376 3423 eodem
1447 3345 1638 3421 fonte
1662 3402 1684 3435 ‚
1749 3344 1938 3419 unde
2001 3346 2141 3421 iam
2205 3353 2312 3420 tot
2362 3344 2764 3439 civitatibus
2835 3345 3019 3421 mala
3088 3356 3254 3419 sunt
3314 3355 3585 3435 coorta,
3653 3370 3907 3446 nempe
3974 3350 4053 3419 ut

979 3467 1230 3567 privati
1278 3466 1444 3566 ipsi,
1495 3463 1699 3540 otiosi
1741 3489 1821 3540 ac
1857 3464 2032 3539 nihil
2065 3472 2352 3563 agentes
2376 3522 2397 3554 ‚
2438 3465 2673 3539 omnia
2718 3490 2761 3539 a
2806 3462 3163 3565 republica
3209 3465 3361 3539 fieri
3409 3465 3747 3565 flagitent.
3832 3494 3870 3535 u
3886 3465 4051 3541 Non

989 3617 1026 3657 ιι
1047 3594 1380 3687 possunt,
1429 3593 1510 3660 ιιι
1560 3593 1667 3660 est
1707 3584 1781 3660 in
1828 3584 2046 3684 Legg.
2109 3588 2200 3659 12
2243 3593 2314 3659 et
2362 3587 2453 3659 13
2507 3582 2595 3659 D.
2651 3584 2740 3659 de
2793 3584 2971 3683 leg,
3024 3608 3268 3659 omnes
3320 3585 3593 3660 articuli
3646 3584 4052 3684 singulatim

990 3735 1026 3775 ιι
1043 3705 1320 3805 legibus
1369 3703 1880 3804 comprehendi.
1984 3703 2126 3777 Sed
2169 3729 2332 3779 cum
2365 3704 2441 3780 in
2484 3704 2718 3804 aliqua
2762 3729 2973 3779 causa
3023 3704 3365 3780 sententia
3401 3729 3641 3781 earum
3684 3702 4054 3781 manifesta

854 3926 862 3933 ι
993 3853 1030 3892 ιι
1051 3832 1198 3912 est,
1246 3824 1308 3899 is
1355 3824 1480 3921 qui
1523 3822 1982 3899 iurisdictioni
2029 3834 2343 3924 praeest,
2394 3825 2488 3901 ad
2538 3823 2789 3899 similia
2830 3823 3203 3923 procedere
3253 3832 3465 3923 atque
3510 3824 3611 3899 ita
3660 3824 3775 3901 ius
3822 3823 4053 3901 dicere

995 3973 1032 4012 ιι
1052 3942 1282 4019 debet.
1383 3944 1572 4017 Nam
1637 3942 1909 4041 quoties
1975 3941 2128 4042 lege
2193 3944 2463 4042 aliquid
2536 3968 2759 4019 unum
2828 3943 2938 4017 vel
3006 3943 3300 4018 alterum
3358 3942 3831 4019 introductum
3902 3951 4011 4019 est
4028 4001 4049 4032 ‚

996 4091 1032 4131 ιι
1053 4062 1236 4137 bona
1295 4061 1562 4137 occasio
1627 4068 1736 4136 est
1792 4068 2020 4137 cetera
2075 4086 2254 4160 quae
2302 4061 2607 4137 tendunt
2656 4062 2749 4138 ad
2792 4060 3085 4137 eandem
3142 4059 3515 4135 utilitatem
3562 4061 3671 4136 vel
3715 4061 4052 4161 interpre-

996 4212 1033 4251 ιι
1054 4182 1314 4260 tatione
1372 4183 1481 4257 vel
1543 4188 1726 4257 certe
1785 4181 2259 4257 iurisdictione
2323 4181 2702 4283 suppleri.”
2802 4180 2962 4256 Hoc
3020 4202 3184 4254 cum
3248 4178 3565 4253 universe
3616 4203 3859 4255 verum
3904 4188 4052 4269 est,

990 4309 1144 4377 tum
1212 4300 1655 4401 potissimum
1717 4300 1908 4377 'valet
1965 4302 2075 4377 his
2135 4301 2307 4401 ipsis
2372 4300 2801 4401 temporibus
2816 4358 2837 4389 ,
2863 4370 2869 4377 .
2900 4297 3159 4398 quibus
3211 4297 3769 4397 frequentissimo
3819 4322 4055 4375 rerum

987 4421 1172 4497 inter
1227 4420 1540 4497 homines
1601 4420 2010 4496 commercio
2023 4478 2046 4509 ,
2117 4419 2429 4521 quotidie
2491 4418 2602 4495 vel
2660 4442 2941 4519 prorsus
2996 4416 3313 4493 insolitae
3374 4424 3587 4517 atque
3640 4418 4053 4520 improvisae

989 4540 1302 4615 existunt
1341 4541 1828 4616 conventiones
1845 4598 1866 4629 ,
1918 4564 2216 4639 quarum
2261 4540 2755 4640 appellationes
2796 4538 3027 4617 nullae
3070 4536 3223 4613 iure
3266 4535 3449 4613 civili
3485 4538 3799 4637 proditae
3847 4544 4049 4629 sunt,

989 4660 1100 4734 vel
1158 4668 1341 4736 certe
1403 4660 1611 4749 tales,
1680 4684 1858 4761 quae
1915 4684 2080 4735 cum
2139 4660 2280 4735 iam
2327 4660 2497 4735 olim
2548 4659 2866 4747 fuerunt,
2932 4678 3183 4731 novam
3225 4655 3431 4754 plane
3483 4657 3867 4735 induerunt
3912 4658 4049 4734 for-

995 4804 1200 4855 mam.
1301 4779 1516 4859 Quod
1558 4780 1976 4878 simulatque
2020 4780 2146 4855 fiat
2162 4838 2184 4871 ,
2234 4780 2295 4855 si
2343 4780 2582 4856 statim
2628 4776 3037 4877 legislatoris
3078 4774 3403 4874 implores
3450 4777 3789 4855 auxilium
3806 4835 3828 4867 ,
3878 4778 4048 4854 alte·
