4730 6049
1842 644 2402 713 ORATIO.
3488 647 3657 720 ’123

582 855 1023 957 allegoricam
1086 860 1160 927 et
1230 851 1561 931 moralem
1618 851 2257 952 interpretationem
2326 856 2401 929 in
2473 852 2814 931 auxilium
2877 855 3163 931 vocavit.
3279 855 3654 935 Prohibere

578 998 716 1053 non
764 974 1001 1075 potnit
1044 972 1420 1072 quominus
1464 972 1977 1070 Polytheismus
1993 1031 2013 1062 ,
2066 981 2420 1049 senectute
2467 973 2852 1063 confectus,
2899 974 3192 1053 instanti
3242 977 3449 1051 morti
3497 1001 3652 1051 suc·

580 1095 963 1173 eumberet.
1088 1094 1241 1171 Nec
1310 1092 1449 1169 alia·
1512 1116 1657 1167 sors
1736 1096 1955 1192 (quod
2026 1095 2222 1169 Deus
2292 1101 2555 1170 avertat
2577 1094 2624 1185 Ι)
2703 1093 3108 1194 religionem
3185 1095 3653 1175 Christianam

580 1223 925 1305 maneret,
996 1214 1207 1289 simul
1253 1238 1333 1289 ac
1376 1236 1577 1287 mens
1624 1212 1933 1289 humana
1988 1239 2222 1290 revera
2268 1214 2402 1289 sibi
2447 1214 2934 1313 persuaderet,
2983 1214 3368 1291 Historiam
3415 1217 3650 1293 Euan-

582 1338 923 1438 gelicam,
974 1334 1295 1435 quamvis
1349 1333 1503 1408 aliis
1548 1334 1996 1435 mythologiis
2040 1336 2272 1411 indole
2318 1360 2446 1410 sua
2490 1358 2646 1411 vere
2687 1334 3008 1433 religiosa
3051 1361 3132 1411 ac
3165 1336 3410 1413 morali
3436 1335 3649 1435 longe

581 1456 1147 1557 praecellentem,
1200 1451 1647 1552 mythologiis
1690 1464 1925 1531 tamen
1974 1482 2130 1533 esse
2176 1455 2696 1531 accensendam.
2767 1456 3027 1531 Omnia
3049 1454 3399 1557 religionis
3429 1464 3648 1555 syste-

582 1586 809 1665 mata,
882 1600 1067 1675 quae
1140 1574 1349 1649 meris
1422 1573 1601 1649 ideis
1661 1598 1802 1650 non
1870 1576 2071 1651 factis
2136 1578 2497 1665 nituntur,
2567 1574 2774 1649 citius
2840 1575 3059 1649 serius
3114 1576 3468 1653 intereunt
3522 1577 3648 1669 4⁷).

586 1698 1111 1797 Qualiscunque
1174 1694 1449 1795 religi0,
1517 1720 1698 1794 quae
1766 1695 2111 1771 societatis
2160 1696 2458 1773 formam
2515 1694 2876 1783 assumsit,
2936 1696 3286 1771 Historica
3333 1720 3458 1771 sua
3497 1695 3650 1775 basi

580 1842 807 1893 carere
874 1816 1143 1916 nequit.
1246 1815 1643 1913 Utrumque
1712 1815 1915 1892 docet
1979 1816 2443 1917 experientia,
2509 1840 2707 1891 verae
2769 1815 3094 1891 scientiae
3145 1842 3229 1891 ac
3273 1815 3650 1915 sapientiae

582 1937 932 2037 magistra.
1065 1938 1312 2011 Testor
1377 1944 1451 2009 et
1516 1936 1775 2010 advoco
1839 1961 2122 2011 omnem
2196 1936 2626 2011 Historiam!
2723 1936 2967 2009 Testor
3035 1936 3290 2010 iterum
3344 1936 3650 2011 eundem

582 2058 1279 2157 Neoplatonismum,
1354 2054 1811 2153 Polytheismi
1874 2057 2083 2133 morti
2143 2057 2334 2132 haud
2405 2056 2532 2131 diu
2597 2056 3044 2155 superstitem
3089 2058 3214 2149 ⁴8).
3318 2058 3564 2131 Testor
3610 2080 3651 2130 e

580 2177 922 2253 contrario
961 2176 1482 2264 Islamismum,
1533 2175 1695 2273 qui,
1750 2177 2151 2251 moderante
2198 2177 2434 2253 divina
2473 2176 2958 2265 Providentia,
3009 2176 3082 2250 in
3121 2176 3484 2251 educando
3529 2201 3650 2275 ge-

580 2320 741 2374 nere
782 2296 1097 2375 humano
1136 2320 1301 2371 suas
1341 2294 1551 2370 etiam
1594 2294 1743 2393 egit
1780 2304 1855 2371 et
1890 2322 2095 2395 agere
2136 2297 2365 2397 pergit
2415 2304 2667 2396 partes.
2733 2298 2808 2371 N
2807 2320 2990 2373 onnc
3025 2320 3166 2373 una
3193 2322 3236 2371 e
3264 2295 3654 2395 praecipuis

581 2415 881 2505 caussis,
946 2441 1074 2491 cur
1132 2415 1301 2489 huic
1353 2414 1717 2513 religioni,
1774 2424 2013 2493 contra
2064 2418 2383 2493 omnium
2431 2440 2628 2517 spem
2677 2424 2754 2492 et
2809 2417 3432 2515 exspectationem,
3504 2424 3654 2491 tam

581 2536 915 2637 longaeva
962 2535 1335 2635 contigerit
1379 2542 1608 2624 aetas,
1658 2536 1733 2610 in
1787 2536 2141 2613 Historica
2185 2537 2335 2611 eius
2377 2537 2612 2613 indole
2655 2538 3050 2635 quaerenda
3099 2536 3291 2611 vobis
3331 2536 3654 2609 videt-ur?

582 2656 822 2733 Testor
866 2656 1458 2733 Rationalismum
1504 2656 2114 2757 tristissimamque
2134 2715 2154 2746 ,
2222 2656 2357 2731 sub
2407 2658 2624 2732 finem
2667 2655 3146 2755 praecedentis
3197 2654 3492 2742 saeculi,
3543 2678 3652 2729 re-

582 2775 855 2875 ligionis
922 2776 1001 2851 in
1064 2774 1443 2851 Germania
1492 2775 1964 2854 conditionem
1982 2836 2004 2866 ‚
2054 2775 2482 2851 Historicam
2529 2775 2723 2851 illam
2767 2775 3074 2851 indolem
3121 2774 3314 2849 haud
3360 2773 3652 2871 impune

580 2897 931 2973 contemni
992 2903 1065 2971 ct
1136 2894 1403 2995 negligi
1470 2918 1675 2993 posse
1691 2955 1712 2985 ,
1784 2896 1925 2973 alta
1988 2895 2203 2972 veluti
2262 2920 2426 2973 voce
2481 2896 2938 2973 clamantem!
3025 2897 3272 2971 Testor
3321 2916 3654 2992 magnam

582 3039 809 3092 rerum
858 3014 1299 3116 politicarum
1342 3015 1417 3089 in
1462 3016 1992 3093 Franco-Gallia
2036 3016 2552 3094 conversionem
2577 3075 2598 3106 ,
2663 3017 2805 3118 qua
2855 3043 2940 3094 eo
2983 3016 3376 3094 dementiae
3425 3013 3650 3093 homi-

582 3159 751 3213 num
816 3135 1224 3237 superbiam
1298 3134 1411 3210 vel
1485 3135 1837 3212 levitatem
1906 3138 2300 3238 pervenisse
2377 3138 2676 3238 legimus
2695 3196 2717 3226 ,
2789 3145 2871 3212 ut
2945 3137 3254 3239 spoliatis
3329 3135 3610 3236 templis
3628 3193 3651 3224 ‚

584 3257 953 3334 destructis
1028 3256 1203 3345 aris,
1276 3256 1563 3331 Numen
1636 3281 2045 3356 supremum
2092 3251 2287 3334 'sede
2358 3283 2487 3332 sua
2543 3257 2755 3358 'quasi
2811 3259 3228 3336 descendere
3286 3257 3652 3344 iuberent,
3685 3321 3709 3326 -

583 3401 741 3454 mox
810 3401 973 3452 vero
1036 3375 1479 3452 interfectum
1540 3376 1801 3454 scilicet
1866 3386 1938 3454 et
2002 3378 2429 3454 exstinctum
2486 3378 2723 3454 Deum
2776 3403 2990 3456 suum
3039 3377 3334 3454 decretis
3377 3377 3524 3453 suis
3573 3376 3651 3453 in

585 3497 793 3573 vitam
861 3503 1287 3572 revocarent.
1388 3496 1633 3572 Testor
1693 3496 2558 3597 Theophilantropinorum
2578 3554 2599 3586 ,
2667 3496 2794 3594 qui
2837 3496 3166 3572 dicuntur
3181 3553 3204 3584 ,
3251 3493 3482 3570 irritos
3532 3515 3648 3568 co-

585 3627 787 3694 natus
844 3616 1166 3716 religioni
1222 3614 1659 3692 Christianae
1708 3617 1915 3692 aliam
1974 3617 2381 3716 religionem
2437 3615 2824 3694 sufficiendi
2842 3673 2864 3705 ,
2926 3623 3178 3695 cuneta
3223 3613 3316 3692 ad
3371 3613 3644 3714 paucis-

586 3737 757 3816 sima
826 3736 1117 3813 rationis
1192 3735 1447 3835 placita
1502 3742 1577 3812 et
1630 3743 1997 3837 praecepta
2036 3745 2476 3814 revocantem
2493 3792 2513 3825 ,
2579 3761 2762 3835 quae
2779 3793 2800 3826 ,
2867 3761 3126 3836 magna
3167 3761 3333 3812 cum
3379 3733 3652 3812 rituum

578 3881 837 3958 pompa
878 3856 1305 3932 annunciata
1345 3864 1419 3930 et
1470 3856 1846 3946 celebrata,
1897 3857 2093 3934 brevi
2132 3857 2239 3932 uti
2279 3857 2509 3933 ini-'ans
2546 3855 2622 3931 in
2659 3855 3103 3932 incunabulis
3149 3855 3480 3932 occubuit
3519 3855 3654 3947 ⁴⁹).·

580 3978 933 4054 Revocate
978 3975 1283 4076 deniqne
1330 3975 1525 4050 vobis
1567 3977 1641 4052 in
1685 3977 2090 4054 memoriam
2129 4003 2311 4076 quae
2328 4036 2350 4067 ,
2395 3977 2484 4054 de
2519 3975 2852 4076 religione
2876 3976 3307 4065 Christiana,
3345 3976 3650 4054 maxime

579 4096 981 4174 Historicae
1041 4094 1456 4172 narrationis
1520 4121 1653 4196 ope
1708 4096 2107 4175 introducta
2159 4104 2232 4172 et
2278 4093 2659 4201 propagata
2679 4153 2702 4186 ,
2771 4121 2886 4174 me
2935 4097 3162 4174 dicere
3209 4095 3648 4176 meministin.

582 4218 798 4299 Quod
838 4215 980 4317 ipsi
998 4273 1019 4305 ,
1070 4215 1459 4292 Historiam
1510 4218 1951 4292 consulentes
1974 4275 1993 4306 ,
2064 4223 2209 4294 tam
2255 4241 2496 4292 verum
2541 4241 2694 4292 esse
2739 4217 3212 4316 comperietis,
3263 4226 3346 4294 ut
3391 4217 3646 4296 alteru·

580 4348 769 4416 trum
820 4320 1281 4436 statuendum
1330 4336 1461 4412 sit:
1516 4339 1623 4414 vel
1666 4337 2057 4416 Historiam
2093 4337 2442 4416 Ecclesiae
2463 4337 2798 4436 :conditae
2831 4362 2913 4414 ac
2958 4345 3376 4439 propagatae
3410 4337 3646 4412 Euan·

580 4458 847 4559 gelicae
888 4455 1251 4532 Historiae
1298 4456 1635 4556 optimam
1688 4483 1840 4534 esse
1891 4465 2259 4556 patronam
2302 4466 2379 4536 et
2423 4459 2768 4536 vindicem
2785 4515 2808 4548 ,
2859 4457 2968 4534 uti
3023 4457 3270 4534 statuit
3311 4475 3646 4534 nannu-

581 4601 719 4658 iws
774 4579 879 4670 ⁶¹³)
908 4633 931 4666 ,
998 4575 1109 4652 vel
1172 4575 1579 4675 religionem
1646 4578 2115 4655 Christianam
2166 4579 2470 4656 maxime
2525 4577 2739 4654 errori
2795 4575 3124 4654 debuisse
3167 4573 3608 4676 splendidam
3623 4631 3649 4664 ,

579 4721 797 4798 quam
862 4694 1245 4796 reportavit
1262 4752 1283 4784 ‚
1356 4695 1711 4773 victoriam
1752 4697 1878 4790 ⁶¹).
1998 4697 2361 4774 Utrumvis
2412 4719 2570 4774 vero
2619 4693 3023 4806 eligendum
3067 4693 3394 4772 statuatis
3407 4751 3430 4782 ‚
3479 4692 3652 4772 haec

580 4841 751 4896 sana
790 4815 1036 4892 ‘huius
1102 4813 1609 4914 disquisitionis
1672 4816 2023 4896 conclusio
2079 4817 2248 4893 en't:
2321 4813 2675 4894 Historica
2729 4837 2860 4892 sua
2908 4813 3143 4892 indole
3203 4812 3342 4888 sibi
3397 4812 3652 4894 devicit

3163 4934 3314 5010 16*
