4730 6049
1901 679 2463 748 ORATIO.
3614 681 3705 748 53

647 889 794 964 lum
859 888 1118 962 frustra
1188 887 1476 977 vixisse,
1555 911 1783 987 neque
1853 886 2226 986 imperium
2289 887 2691 962 Romanum
2764 887 3019 962 frustra
3092 887 3401 977 stetisse,
3475 913 3704 987 neque

648 1007 888 1084 inanes
933 1007 1149 1082 fuisse
1191 1009 1672 1084 Romanorum
1724 1009 2032 1082 Ictorum
2086 1005 2352 1080 labores
2376 1064 2396 1096 ,
2448 1006 2571 1081 sed
2615 1007 2875 1106 ubique
2916 1007 3103 1082 cerni
3142 1032 3380 1082 eorum
3420 1007 3711 1107 vestigia

649 1153 790 1204 non
857 1128 1220 1204 obliterata
1235 1163 1255 1218 3
1330 1153 1578 1204 vanam
1624 1127 1802 1203 adeo
1852 1151 2002 1200 esse
2051 1126 2308 1226 gloriae
2363 1125 2867 1202 affectationem
2918 1127 3233 1227 ignorare
3297 1135 3421 1204 aut
3480 1127 3709 1203 flocci-

647 1247 870 1323 facere
939 1248 1356 1322 immortalia
1431 1248 1550 1323 illa
1617 1272 1798 1347 quae
1859 1253 2405 1346 perpetrassent,
2457 1247 2584 1320 sed
2640 1271 2870 1324 veram
2936 1247 3215 1322 laudem
3276 1248 3351 1320 in
3418 1271 3499 1322 eo
3556 1270 3707 1322 esse

653 1367 1120 1468 quaerendam
1145 1426 1166 1456 ,
1219 1375 1298 1442 ut
1348 1392 1527 1466 quae
1577 1393 1620 1443 a
1671 1366 2020 1440 veteribus
2063 1365 2308 1442 affecta
2349 1391 2489 1440 non
2540 1368 2840 1465 perfecta
2882 1364 3140 1441 fuerint
3160 1425 3181 1456 ,
3224 1367 3707 1467 suppleamus,

649 1488 1076 1587 corrigamus
1101 1546 1122 1575 ‚
1173 1487 1648 1564 emendemus.

752 1607 1368 1697 Quemadmodum
1439 1615 1672 1682 autem
1736 1603 2098 1704 disciplina
2159 1612 2398 1692 nostra
2446 1603 2943 1679 detrimentum
2991 1605 3177 1706 cepit
3232 1631 3356 1706 per
3408 1606 3709 1682 insolen-

651 1734 794 1802 tem
860 1726 1322 1825 quorumdam
1375 1726 1738 1801 vetustatis
1785 1732 2212 1800 contemtum
2238 1782 2259 1813 ,
2327 1724 2427 1798 sic
2476 1723 2564 1798 ab
2612 1724 2825 1800 altera
2866 1733 3063 1824 parte
3110 1726 3183 1800 in
3236 1715 3707 1825 reprehensio-

649 1871 813 1920 nem
882 1846 1172 1921 incurrit
1239 1871 1362 1945 per
1436 1845 1980 1944 superstitiosam
2055 1845 2547 1918 nonnullorum
2620 1844 3095 1922 Romanorum
3161 1846 3665 1922 venerationem
3687 1907 3707 1937 ,

651 1990 946 2065 quorum
1009 1966 1204 2042 dotes
1265 1965 1719 2065 suspicientes
1791 1991 2172 2064 eorumque
2245 1963 2703 2040 admiratione
2747 1965 3090 2065 perculsi,
3154 1965 3501 2041 neminem
3552 1975 3711 2067 post

651 2085 806 2160 illos
872 2085 1139 2184 aliquid
1203 2085 1534 2184 proficere
1591 2111 1793 2185 posse
1859 2085 2369 2185 profitebantur
2391 2143 2412 2173 ,
2480 2109 2693 2159 vanos
2748 2093 2957 2184 atque
3006 2085 3233 2160 irritos
3274 2111 3425 2160 esse
3470 2111 3711 2162 omnes

653 2206 1112 2281 recentiorum
1159 2215 1490 2294 conatuS,
1531 2207 1858 2281 innovare
1905 2206 2012 2280 vel
2051 2205 2417 2305 paululum
2454 2231 2495 2280 a
2538 2205 2875 2280 Romanis
2916 2206 3232 2281 recedere
3276 2207 3712 2306 religiosum,

651 2325 1080 2413 PandeetaS,
1152 2325 1414 2400 donum
1469 2325 1822 2423 quoddam
1879 2323 2211 2397 divinitus
2264 2322 2352 2396 de
2400 2324 2589 2398 coelo
2640 2324 2927 2399 missum
2984 2325 3057 2399 in
3106 2335 3513 2425 perpetuam
3558 2329 3713 2402 uni-

655 2443 832 2518 versi
899 2445 1172 2544 generis
1241 2446 1532 2520 humani
1603 2445 1898 2519 salutem
1922 2503 1943 2532 ,
2019 2443 2250 2518 omnia
2313 2444 2665 2518 continere
2724 2470 2905 2543 quae
2972 2470 3307 2544 umquam
3370 2447 3551 2524 facta
3610 2450 3719 2523 vel

655 2565 819 2638 olim
879 2563 1116 2639 futura
1172 2564 1351 2653 sint,
1419 2565 1594 2640 nihil
1651 2589 1802 2639 esse
1847 2565 2152 2652 iustum,
2219 2564 2395 2638 nihil
2450 2589 2793 2662 aequum,
2854 2565 2989 2640 nisi
3038 2565 3127 2640 ad
3181 2568 3369 2664 quod
3416 2569 3713 2666 proban-

657 2683 829 2758 dum
887 2708 974 2758 ex
1039 2684 1169 2759 hoc
1221 2709 1426 2783 opere
1471 2684 1798 2759 lectiones
1848 2684 2240 2759 recitentur.
2343 2685 2595 2782 Inepta
2645 2691 2715 2757 et
2764 2684 3055 2761 ridicula
3097 2687 3265 2760 haec
3318 2687 3716 2785 superstitio

659 2827 812 2878 eam
874 2803 1120 2878 habuit
1181 2804 1323 2878 vim
1349 2862 1368 2892 ,
1437 2812 1520 2878 ut
1581 2827 2034 2903 quaecunque
2100 2828 2143 2877 a
2202 2803 2539 2876 Romanis
2590 2811 2822 2882 essent
2873 2803 3221 2902 profecta,
3290 2806 3521 2880 omnia
3568 2807 3717 2881 sine

663 2922 1056 2997 discrimine
1121 2924 1368 2998 eodem
1431 2947 1661 2999 amore
1723 2924 2340 3023 complecterentur
2361 2980 2381 3010 ,
2445 2924 2683 2997 eadem
2744 2921 3075 3022 religione
3135 2925 3474 3014 colerent,
3544 2927 3715 3024 quin

655 3044 1144 3144 intempestiva
1186 3044 1486 3143 quadam
1531 3045 1938 3133 sedulitate,
1988 3069 2072 3118 ea
2116 3066 2395 3143 quoque
2436 3043 2972 3142 investigarent,
3022 3070 3200 3142 quae
3250 3070 3717 3124 msrmmnus

659 3163 872 3262 idque
925 3163 1171 3239 merito
1230 3190 1356 3264 pro
1403 3164 1730 3263 antiquae
1789 3164 2193 3238 subtilitatis
2247 3163 2566 3239 ludibriis
2618 3162 2859 3238 haberi
2914 3164 3164 3253 voluit,
3218 3192 3357 3263 quo
3408 3166 3667 3242 factum
3697 3228 3715 3257 ,

659 3292 742 3358 ut
803 3308 962 3358 cum
1010 3285 1222 3359 rudes
1265 3284 1582 3382 inprimis
1653 3290 1724 3357 et
1790 3282 2048 3355 infirmi
2097 3306 2425 3381 magnam
2476 3280 2787 3365 viderent
2838 3281 2987 3355 dari
3030 3306 3309 3380 operam
3362 3284 3447 3357 iis
3467 3341 3486 3371 ,
3538 3310 3717 3383 quae

663 3402 872 3478 rebus
928 3429 1070 3478 non
1133 3403 1432 3502 amplius
1502 3409 1910 3502 apparerent
1975 3409 2184 3499 atque
2245 3402 2344 3475 ita
2388 3400 2501 3475 ius
2550 3426 2593 3474 a
2642 3401 2783 3475 vita
2832 3402 3215 3500 segregari,
3280 3412 3547 3477 mature
3600 3406 3717 3478 de-

661 3530 953 3598 sertores
1001 3524 1452 3599 efficerentur.

761 3880 920 3955 Alia
995 3904 1204 3954 causa
1268 3904 1446 3978 quae
1495 3877 1808 3953 homines
1849 3876 2243 3976 ceteroquin
2299 3900 2438 3951 non
2492 3876 2872 3951 admodum
2922 3876 3238 3951 indoctos
3284 3904 3327 3952 a
3374 3877 3521 3952 iure
3578 3880 3721 3953 Ro-

668 4025 876 4109 mano
929 4008 1230 4073 remotos
1277 4000 1600 4088 tenebat,
1648 3999 1876 4099 posita
1921 4007 2030 4073 est
2077 3998 2148 4072 in
2199 3997 2528 4097 peculiari
2579 3996 2730 4070 eius
2778 3996 3077 4072 fontium
3131 3997 3381 4072 habitu
3434 4006 3503 4074 et
3558 4024 3719 4073 con-

668 4120 949 4194 ditione.
1053 4121 1347 4193 Constat
1409 4120 1775 4208 nimirum,
1843 4120 2320 4193 Romanorum
2384 4117 2666 4216 ingenia
2725 4143 2768 4191 a
2816 4116 3188 4191 reconditis
3250 4126 3322 4192 et
3381 4118 3720 4194 abstrusis

665 4240 950 4315 omnino
1009 4239 1487 4329 abhorruisse,
1555 4264 1916 4339 quumque
1979 4248 2104 4315 aut
2159 4238 2445 4315 omnino
2493 4262 2632 4313 non
2654 4296 2675 4327 ,
2725 4244 2849 4311 aut
2890 4238 3167 4312 nonnisi
3214 4238 3452 4336 paucis
3498 4240 3719 4338 philo·-

667 4360 1102 4458 sophandum
1167 4384 1318 4433 esse
1387 4360 1918 4449 arbitrarentur,
1981 4360 2242 4434 nullam
2304 4383 2537 4435 rerum
2606 4357 3071 4457 cognitionem
3144 4367 3268 4432 aut
3329 4357 3719 4431 meditatio-

671 4503 830 4553 nem
882 4480 1122 4579 magni
1166 4481 1492 4555 habuisse
1541 4482 1784 4580 pretii,
1835 4489 2314 4580 praeterquam
2363 4505 2515 4555 eam
2536 4538 2557 4569 ,
2606 4504 2785 4577 quae
2825 4486 3165 4576 spectaret
3199 4476 3471 4549 vivendi
3514 4475 3718 4548 ratio-

667 4620 828 4671 nem
883 4596 1418 4696 societatemque
1468 4598 1760 4673 civilem.
1866 4600 2028 4673 Non
2084 4598 2396 4697 pudebat
2450 4622 2901 4685 scanvoms,
2952 4619 3272 4682 BRUTOS,
3322 4616 3719 4683 mammos,

669 4716 968 4791 civitatis
1017 4716 1399 4817 principes,
1451 4718 1830 4817 disceptare
1850 4777 1871 4808 ,
1923 4744 2095 4793 num
2147 4728 2389 4818 partus
2430 4718 2715 4793 ancillae
2756 4717 2829 4790 in
2876 4716 3197 4789 fructune
3240 4720 3419 4785 esset
3460 4711 3719 4787 haben-

676 4835 810 4910 dus
829 4894 850 4924 ,
913 4837 1080 4934 quia
1148 4838 1278 4913 hoc
1347 4838 1730 4913 disserendi
1789 4864 2015 4941 genus
2079 4839 2171 4915 ad
2225 4838 2475 4913 civium
2544 4860 2753 4910 usum
2813 4859 2952 4909 non
3018 4832 3381 4907 videbatur
3436 4831 3681 4906 inutile
3700 4889 3720 4921 ,
