4730 6049
1858 590 2134 658 ACTA
2202 592 2315 657 ΙΝ
2385 592 2834 661 8ΕΝΔΤΠ.
3738 592 3872 665 159

1150 796 1599 877 ordina-ium
1651 797 1725 873 in
1770 796 2133 873 Facultate
2176 798 2594 899 Theologica
2643 806 2950 875 creatum
2989 822 3142 873 esse
3194 800 3442 878 Virum
3490 804 3876 904 plurimum

1150 918 1647 997 Vener-andum
1706 940 2049 994 raconem
2118 927 2438 1024 rsaiimm
2489 942 2772 997 nonnas
2797 978 2816 1009 ‚
2867 918 3238 1020 Euangelii
3283 922 3358 997 in
3411 932 3617 999 coetu
3659 925 3874 1001 Rote-

1144 1038 1541 1122 rodnmenni
1586 1038 1995 1117 antistitem.
2098 1030 2368 1115 Eodem
2408 1039 2916 1140 Angustissimi
2961 1040 3179 1141 Regis
3210 1041 3486 1118 decreto
3521 1044 3877 1123 Professor

1148 1159 1561 1236 Ordinarius
1624 1158 1702 1232 in
1763 1158 2127 1233 Facultate
2189 1159 2449 1235 Philos.
2519 1161 2767 1238 Theor.
2830 1168 2904 1234 et
2959 1159 3098 1235 Lit.
3159 1158 3384 1238 Hum.
3443 1171 3718 1241 creatus
3764 1172 3876 1241 est

1149 1278 1275 1354 Vir
1326 1277 1800 1353 Doctissimus
1860 1303 2312 1355 annuamus
2379 1304 2766 1356 onaAanus
2812 1304 3034 1355 amm,
3051 1338 3071 1369 ,
3119 1280 3513 1357 Literarum
3555 1284 3874 1385 Belgica-

1148 1424 1307 1477 rum
1342 1397 1418 1475 in
1460 1398 1844 1497 Gymnasio
1891 1399 2398 1498 Zutphaniensi
2439 1403 2868 1500 Praeceptor.
2969 1398 3268 1475 Decreto
3311 1402 3613 1501 denique
3653 1400 3724 1481 d.
3773 1406 3868 1478 15

1146 1542 1243 1599 m.
1296 1518 1563 1617 Aprilis
1604 1520 1711 1595 n⁰.
1764 1520 1861 1593 54.
1878 1578 1903 1607 ‚
1947 1519 2295 1595 Facultati
2346 1520 2748 1597 Matheseos
2793 1528 2865 1595 et
2908 1520 3166 1597 Philos.
3217 1522 3467 1597 Natur.
3519 1523 3874 1601 Professor

1145 1638 1754 1719 Extraordinarius
1814 1638 2207 1738 adscriptus
2281 1652 2390 1715 est
2453 1640 2582 1715 Vir
2640 1641 3108 1717 Doctissimua
3173 1664 3554 1719 mammos
3623 1668 3826 1720 nom<
3847 1704 3870 1736 ,

1146 1760 1570 1839 observator
1608 1760 1685 1835 in
1728 1759 2151 1835 Academiae
2192 1759 2558 1837 Leidensis
2601 1760 3094 1835 Observatorio
3137 1762 3642 1841 Astronomico.

806 1981 947 2057 Die
996 1983 1095 2057 22
1141 2004 1237 2055 m.
1288 1976 1503 2055 Iunii.
1607 1976 1734 2053 Vir
1776 1976 2159 2077 plurimum
2204 1978 2666 2053 venerandus
2709 2000 3012 2053 neonus
3057 1986 3354 2056 Isaacus
3405 2004 3729 2071 nonnas,
3781 1983 3872 2057 ab

1151 2096 1609 2199 Amplissimo
1668 2098 1935 2173 Senatu
1976 2096 2053 2175 in
2101 2098 2502 2175 cathedram
2558 2098 2814 2173 ductus
2832 2156 2855 2186 ,
2911 2096 3326 2197 Theologiae
3373 2100 3880 2179 Profeasionem

1155 2218 1553 2317 auspicatus
1631 2224 1739 2292 est
1757 2274 1781 2305 ‚
1862 2218 2103 2295 habita
2185 2218 2493 2297 oratione
2559 2221 2646 2293 de
2725 2220 2982 2295 aetina
3051 2221 3348 2303 studiose
3421 2248 3468 2295 a
3533 2221 3882 2323 Theoloqis

1158 2340 1555 2414 excercenda.

806 2554 950 2631 Die
1000 2555 1098 2629 23
1146 2576 1237 2629 m.
1290 2552 1505 2631 Iunii.
1604 2551 1732 2625 Vir
1770 2550 2235 2627 Doctissimus
2282 2576 2736 2653 conamus
2783 2578 3172 2631 armanus
3220 2579 3481 2647 namn,
3523 2582 3566 2633 a
3617 2558 3883 2633 Senatu

1156 2671 1613 2773 Amplissimo
1668 2674 1741 2747 in
1820 2670 2220 2747 cathedram
2278 2671 2576 2761 ductus,
2642 2696 2908 2747 munus
2973 2672 3374 2771 auspicatus
3430 2681 3579 2764 est,
3641 2675 3882 2751 habita

1154 2792 1501 2886 oratione,
1568 2794 1706 2869 cui-
1750 2800 2285 2893 argumentum:
2352 2818 2509 2869 over
2583 2794 2716 2871 den
2787 2794 2967 2869 eiach
3033 2795 3153 2869 des
3195 2795 3399 2885 tijds,
3467 2820 3552 2869 en
3597 2821 3752 2871 over
3797 2798 3881 2872 de

1156 2915 1575 3013 wetemchap
1594 2972 1617 3005 ,
1666 2916 1776 2989 als
1808 2915 2125 3014 ,qeschikt
2167 2939 2269 2987 om
2315 2939 2456 2987 aan
2497 2916 2656 2991 dien
2707 2915 2890 2988 eiech
2927 2920 2997 2989 te
3043 2915 3570 2991 beantwoorden.

810 3135 951 3212 Die
1002 3135 1100 3210 23
1150 3158 1243 3208 m.
1294 3132 1507 3209 Iunii.
1632 3133 1933 3208 Senatus
1980 3132 2177 3232 luget
2223 3131 2498 3207 obitum
2539 3131 2696 3206 Viri
2740 3130 3128 3208 Clarissimi
3172 3153 3528 3210 coanmt
3569 3077 3886 3208 Annum

1157 3276 1502 3330 Bnncsm
1522 3310 1545 3342 ,
1594 3252 1667 3326 in
1716 3253 2078 3329 Facultate
2128 3251 2357 3327 Math.
2413 3260 2484 3325 et
2520 3251 2700 3328 Phil.
2750 3252 2918 3327 Nat.
2971 3251 3386 3330 Professoris
3436 3251 3809 3330 ordinarii.
3855 3240 3864 3258 ‘

814 3472 957 3549 Die
1005 3476 1106 3548 24
1150 3497 1246 3548 m.
1297 3472 1513 3550 Iunii.
1610 3471 1745 3546 Vir
1792 3469 2259 3545 Doctissimus
2310 3489 2688 3543 nummus
2741 3491 2978 3556 Hom,
3027 3491 3072 3544 a
3123 3469 3388 3544 Senatu
3430 3467 3888 3570 Amplissimo

1160 3593 1237 3667 in
1286 3593 1689 3668 cathedram
1735 3593 1991 3666 ductus
2008 3648 2028 3678 ,
2078 3589 2588 3664 Professionem
2641 3589 3248 3664 extraordinariam
3295 3589 3694 3690 auspicatus
3739 3598 3846 3665 est
3866 3647 3888 3679 ‚

1162 3711 1405 3787 habita
1474 3711 1807 3786 Oratione
1826 3770 1847 3800 ‚
1915 3710 2031 3786 cui
2086 3710 2376 3785 titulus:
2452 3711 2754 3818 vverde
2814 3711 3158 3811 bertevinq
3227 3713 3351 3810 der
3426 3711 3890 3786 Sterrekunde

1170 3859 1307 3907 aan
1356 3833 1476 3908 aec
1520 3833 1684 3907 eiad
1725 3835 1849 3907 der
1896 3832 2459 3907 deeleeuwen.

820 4041 975 4118 Die
1025 4045 1117 4120 28
1162 4072 1254 4124 m.
1309 4045 1761 4147 Septembris.
1862 4044 1989 4118 Vir
2030 4043 2484 4120 Clarissimus
2527 4067 2980 4122 annuamus
3031 4067 3398 4123 Amonms
3439 4071 3890 4124 commanus

1172 4191 1499 4256 monna,
1568 4166 1933 4264 hueusque
1998 4165 2071 4240 in
2141 4165 2506 4241 Athenaeo
2555 4165 2856 4254 Illustri,
2925 4165 3125 4264 qnod
3193 4167 3701 4242 Amstelodami
3745 4175 3892 4257 est,

1173 4287 1541 4363 Botanices
1594 4285 1947 4360 Professor
1968 4343 1993 4374 ‚
2056 4285 2281 4385 Regis
2342 4285 2851 4384 Angustissimi
2903 4285 3180 4360 decreto
3224 4284 3291 4360 d.
3341 4290 3384 4363 '7
3435 4312 3531 4363 m.
3581 4287 3897 4384 Augusti

1176 4409 1277 4483 n⁰.
1334 4411 1427 4482 52
1454 4465 1473 4496 ,
1538 4407 1613 4481 in
1654 4406 2015 4481 Facultate
2064 4405 2290 4482 Math.
2346 4416 2420 4479 et
2469 4406 2649 4482 Phil.
2700 4407 2865 4484 Nat.
2924 4403 3278 4480 Professor
3342 4404 3754 4480 Ordinarius
3817 4405 3894 4478 in

1179 4525 1406 4602 locum
1469 4527 1853 4602 Clarissimi
1902 4545 2240 4601 BnaasuA
2298 4525 2726 4602 substitutus
2747 4584 2770 4614 ,
2819 4549 3080 4600 munus
3127 4523 3526 4622 auspicatus
3567 4531 3717 4613 est,
3769 4524 3891 4601 ha-

1178 4643 1325 4722 bita
1392 4648 1699 4722 oratione
1718 4706 1739 4736 ‚
1806 4647 1922 4721 cui
1983 4646 2271 4721 titulus:
2346 4635 2505 4721 over
2566 4646 2683 4721 bet
2744 4647 3228 4745 teqenwoordzy
3279 4646 3650 4742 standpunt
3691 4671 3891 4720 onzer

1175 4767 1682 4862 plantenkunde
1702 4826 1723 4856 ‚
1772 4793 1858 4842 en
1907 4769 2085 4842 baar
2133 4769 2440 4843 verband
2473 4775 2611 4842 met
2655 4767 2740 4840 de
2783 4765 3038 4839 andere
3083 4764 3650 4862 wetmchappen.
