4730 6049
1006 656 1089 720 56
2115 656 2169 723 1.
2237 657 2308 722 E.
2379 654 2948 720 GOUDSMIT

1003 862 1240 936 oculos
1288 869 1623 962 ponatur,
1676 886 1815 936 non
1866 870 2142 936 tantum
2188 861 2362 960 quid
2414 861 2604 961 apud
2650 862 3002 936 Romanos
3050 859 3220 934 iuris
3271 857 3518 946 fuerit,
3571 855 3695 932 sed
3738 855 3817 930 id
3862 881 4055 956 prae-

1010 983 1214 1081 cipue
1235 1041 1255 1072 ,
1307 1008 1446 1082 qua
1493 991 1637 1057 arte
1688 992 1759 1057 et
1807 982 2149 1082 elegantia
2192 983 2262 1057 in
2316 982 2438 1057 illo
2486 982 2859 1057 excolendo
2906 980 3157 1054 versati
3204 978 3483 1054 fuerint.

1107 1104 1322 1182 Quod
1391 1101 1481 1176 ad
1549 1111 1962 1202 argumenta
2023 1102 2418 1190 tractanda,
2470 1128 2552 1177 ea
2597 1109 3142 1201 anteponantur,
3205 1124 3385 1198 quae
3438 1123 3566 1173 seu
3621 1097 3773 1172 iure
3824 1103 4058 1172 nostro

1009 1231 1173 1296 sunt
1225 1233 1545 1323 recepta,
1594 1224 1703 1297 vel
1749 1231 1934 1297 certe
1983 1223 2058 1297 in
2112 1222 2289 1296 illud
2341 1221 2659 1297 nonnihil
2702 1219 3037 1296 momenti
3088 1219 3516 1307 habuerunt,
3564 1218 3843 1292 nonnisi
3894 1217 4057 1292 levi-

1006 1351 1112 1416 ter
1175 1367 1331 1417 vero
1398 1343 1902 1418 adumbrentur
1966 1343 2121 1431 illa,
2192 1367 2371 1441 quae
2436 1342 2543 1417 vel
2611 1348 2796 1417 arcte
2858 1339 3291 1415 cohaerentia
3354 1363 3512 1413 cum
3584 1338 4057 1411 Romanorum

1006 1462 1356 1552 moribus,
1432 1463 1850 1562 reipublicae
1913 1463 2250 1562 regimine
2273 1522 2293 1552 ,
2359 1463 2896 1563 magistratuum
2966 1458 3439 1534 iurisdictione
3504 1464 3576 1532 et
3645 1457 4057 1532 iudiciorum

1001 1583 1283 1672 ordine,
1354 1583 1564 1659 simul
1634 1609 1794 1658 cum
1867 1583 2343 1657 Romanorum
2417 1581 2709 1679 imperio
2774 1587 3249 1667 evanuerunt,
3326 1579 3433 1653 vel
3508 1603 3670 1654 cum
3748 1587 4060 1652 veterum

1001 1703 1310 1776 Ictorum
1374 1701 1758 1777 subtilitate
1829 1709 1900 1775 et
1969 1702 2445 1800 superstitiosa
2511 1700 2963 1775 formularum
3031 1698 3463 1774 observantia
3485 1758 3504 1787 ,
3582 1698 3689 1771 vel
3758 1697 4059 1796 denique

1003 1845 1165 1895 cum
1236 1821 1580 1896 erroribus
1649 1821 1818 1919 ipsis
1880 1821 1969 1894 de
2029 1822 2373 1896 societatis
2433 1823 2776 1896 humanae
2826 1819 3217 1896 conditione
3274 1827 3345 1893 et
3400 1817 3675 1918 legibus
3730 1817 4057 1906 obiectiS,

1005 1966 1133 2017 nec
1182 1941 1482 2040 amplius
1537 1941 1819 2030 vivunt,
1868 1966 1996 2015 nec
2037 1941 2177 2015 vita
2227 1942 2442 2041 digna
2488 1949 2673 2016 sunt.

1101 2060 1300 2136 Haec
1359 2069 1592 2135 autem
1657 2085 1836 2160 quae
1896 2061 2044 2134 dixi
2091 2085 2230 2136 non
2285 2061 2385 2134 ita
2443 2058 2742 2158 intelligi
2792 2060 2980 2148 vole,
3032 2061 3233 2160 quasi
3284 2061 3581 2135 revocari
3626 2060 3829 2135 velim
3882 2067 4055 2134 tem·-

1006 2206 1174 2280 pora
1231 2181 1348 2255 illa
1406 2182 1668 2256 inculta
1689 2241 1709 2271 ,
1761 2181 2019 2281 quibus
2075 2183 2385 2256 sufficere
2430 2179 2831 2268 videbatur,
2884 2188 2964 2253 ut
3012 2181 3169 2278 quis
3214 2181 3441 2254 omnis
3490 2179 3898 2254 eruditionis
3942 2205 4057 2254 ex-

1003 2326 1197 2399 perS,
1249 2326 1329 2375 ea
1375 2309 1647 2376 tantum
1691 2291 1934 2376 tenens
1989 2327 2166 2402 quae
2213 2309 2381 2376 sunt
2425 2300 2496 2374 in
2549 2299 3167 2399 disceptationibus
3212 2308 3422 2399 atque
3466 2301 3537 2373 in
3587 2324 3721 2375 usu
3770 2299 4059 2389 forensi,

1001 2429 1190 2496 certa
1230 2402 1539 2519 quadam·
1594 2421 1960 2497 verborum
2019 2421 2485 2509 volubilitate,
2548 2420 2880 2494 brocarda
2924 2420 3269 2518 quaedam
3318 2419 3589 2494 effutire
3634 2419 3889 2494 valeret
3938 2426 4063 2493 aut

1005 2542 1206 2640 quasi
1253 2541 1617 2616 immemor
1662 2541 1957 2640 gloriae,
2011 2567 2221 2641 quam
2267 2547 2609 2614 nostrates
2655 2540 2820 2614 olim
2874 2540 3159 2614 historia
3205 2539 3374 2614 iuris
3424 2539 3797 2614 excolenda
3836 2539 4060 2613 novis-

1003 2687 1141 2760 que
1192 2669 1264 2736 et
1309 2661 1680 2762 incognitis
1731 2661 2044 2736 fontibus
2095 2660 2517 2761 indagandis
2577 2661 2933 2735 consecuti
2982 2660 3303 2750 fuerunt,
3355 2668 3479 2735 aut
3527 2659 3728 2759 quasi
3777 2659 4063 2759 ignarus

999 2808 1279 2871 eorum,
1348 2806 1526 2881 quae
1589 2783 2093 2857 Germanorum
2159 2781 2393 2856 schola
2444 2780 2768 2854 historica
2819 2779 3164 2879 praestitit
3204 2787 3278 2853 et
3322 2780 3395 2854 in
3444 2780 3693 2854 melius
3739 2779 4062 2854 reforma·

999 2902 1132 2991 vit,
1183 2928 1309 3003 pro
1350 2902 1567 2977 nihilo
1609 2902 1862 2978 ducam
1905 2927 2059 2977 eam
2104 2901 2509 2999 disciplinae
2549 2908 2823 2974 nostrae
2864 2907 3165 2999 partem,
3217 2925 3395 2998 quae
3437 2900 3669 2988 docet,
3716 2899 4063 2999 quomodo

999 3024 1282 3122 quaevis
1336 3023 1658 3097 instituta
1713 3021 2052 3121 originem
2078 3080 2098 3110 ,
2148 3020 2575 3096 incrementa
2621 3028 2692 3095 et
2742 3021 2953 3095 finem
3011 3029 3443 3121 acceperunt.
3546 3021 3647 3095 Ut
3696 3021 3883 3096 enim
3935 3020 4064 3095 hoc

999 3140 1318 3217 omittam
1342 3198 1361 3228 ,
1429 3140 1660 3239 plures
1716 3139 1841 3237 qui
1899 3139 1972 3213 in
2028 3138 2340 3237 Digestis
2410 3147 2771 3213 occurrant
2832 3139 3015 3213 locos
3038 3197 3059 3227 ‚
3117 3164 3339 3238 quum
3396 3147 3712 3215 auctores
3762 3139 4063 3216 habeant

998 3260 1152 3335 illos
1213 3261 1439 3348 Ictos,
1512 3282 1808 3358 quorum
1866 3258 2178 3358 plerique
2228 3259 2435 3357 longe
2484 3267 2647 3334 ante
2698 3282 3185 3335 marmanum
3236 3260 3507 3336 diversa
3548 3261 3719 3336 iuris
3763 3258 3837 3335 et
3880 3258 4061 3338 iudi-

998 3380 1262 3457 ciorum
1327 3378 1719 3455 oonditione
1785 3379 2208 3467 floruerunt,
2284 3405 2371 3453 ex
2445 3379 2731 3455 historia
2802 3380 3089 3455 demum
3158 3378 3387 3457 lucem
3456 3405 3653 3457 suam
3722 3381 4061 3480 accipere,

1000 3499 1348 3577 neminem
1401 3507 1585 3574 certe
1636 3499 1856 3598 fugit,
1903 3500 2104 3574 cuius
2156 3498 2314 3597 quis
2362 3499 2661 3574 civitatis
2712 3525 2839 3574 nec
2889 3525 3114 3575 mores
3162 3526 3289 3576 nec
3334 3501 3657 3577 instituta
3704 3526 3831 3579 nec
3882 3500 4061 3599 regi·

999 3620 1206 3696 minis
1251 3620 1585 3709 formam,
1635 3644 1762 3694 neo
1815 3619 2002 3718 leges
2047 3619 2362 3718 cognitas
2406 3619 2703 3708 habeat,
2758 3620 2909 3694 eius
2955 3620 3067 3693 ius
3122 3621 3321 3695 civile
3386 3647 3525 3697 non
3585 3646 3787 3721 posse
3844 3620 3932 3696 ab
3980 3642 4063 3694 eo

997 3742 1359 3817 commode
1413 3740 1725 3827 tractari,
1793 3740 1964 3814 dum
2009 3746 2359 3837 praeterea
2402 3764 2645 3813 omnes
2698 3740 2869 3813 iuris
2918 3749 3149 3839 partes
3192 3740 3293 3816 ita
3336 3742 3509 3817 aliae
3552 3741 3643 3816 ab
3690 3740 3843 3815 aliis
3900 3744 4066 3813 sunt

1002 3869 1204 3959 aptae
1263 3868 1335 3936 et
1378 3860 1737 3959 colligatae
1787 3884 2064 3958 unoque
2133 3857 2383 3958 spiritu
2431 3859 2913 3949 continentur,
2980 3868 3059 3935 ut
3124 3885 3207 3936 ea
3260 3886 3439 3960 quae
3497 3862 3571 3936 in
3631 3885 3766 3935 usu
3826 3859 3916 3935 ab
3977 3857 4064 3933 iis

1006 4004 1185 4078 quae
1241 3979 1600 4078 antiquata
1651 3987 1724 4053 et
1780 3978 2090 4054 obsoleta
2139 3980 2314 4068 sint,
2380 4004 2660 4079 prorsus
2716 3980 2916 4056 avelli
2969 3989 3339 4080 nequeant.
3441 3981 3654 4060 Quod
3700 3981 3885 4069 volo,
3935 3979 4065 4054 hoc

1011 4105 1148 4185 est,
1195 4120 1288 4171 ne
1338 4095 1409 4170 in
1461 4096 1548 4171 iis
1599 4122 1780 4195 quae
1831 4122 1971 4172 non
2025 4098 2160 4173 nisi
2204 4098 2609 4174 adiumenta
2638 4106 2710 4174 et
2753 4098 3068 4176 subsidia
3110 4111 3315 4191 sunt,
3362 4100 3463 4177 ita
3487 4102 3932 4190 haereamus,
3982 4104 4064 4172 ut

1011 4241 1139 4316 pro
1187 4240 1262 4290 re
1309 4216 1668 4317 principali
1715 4217 2056 4293 habeatur
2075 4277 2095 4307 ,
2147 4218 2336 4317 quod
2375 4219 2653 4294 nonnisi
2694 4220 3103 4319 accessionis
3146 4222 3291 4297 vice
3334 4222 3537 4321 fungi
3576 4229 3884 4321 oportet,
3935 4242 4063 4293 nec

1012 4335 1361 4437 quidquid
1420 4362 1710 4437 agamus
1730 4397 1750 4426 ‚
1819 4362 2154 4440 umquam
2202 4339 2445 4413 oculos
2496 4348 2889 4416 avertamus
2938 4342 3029 4417 ab
3078 4366 3162 4417 eo
3206 4344 3347 4418 fine
3368 4402 3391 4432 ,
3442 4350 3523 4417 ut
3566 4342 3919 4417 excolatur
3953 4338 4063 4412 ius

1015 4456 1208 4557 quod
1257 4457 1328 4531 in
1393 4456 1564 4555 ipsis
1617 4457 1888 4533 obtinet
1941 4484 2174 4535 rerum
2221 4455 2653 4557 argumentis
2700 4461 3017 4561 illudque
3060 4463 3300 4539 eadem
3344 4470 3491 4539 arte
3511 4522 3531 4552 ,
3582 4486 3721 4561 qua
3762 4458 4065 4534 Romani

1011 4577 1206 4655 fuere
1247 4576 1587 4679 insignes,
1635 4578 2071 4680 interpretari
2114 4579 2487 4655 discamus.
