4730 6049
1817 669 2378 739 ORATIO.
3506 675 3637 743 177

552 878 911 979 galiorum
986 880 1495 957 Canonicorum
1570 878 1711 955 fide
1788 878 2109 956 historica
2125 936 2147 969 ,
2224 906 2313 955 ex
2380 886 2538 954 aere
2609 881 2871 979 pendet
2943 881 3228 957 historia
3287 882 3638 957 Ecclesiae

561 1000 953 1100 primaevae
971 1060 991 1089 ,
1064 1000 1429 1076 deficiente
1490 1000 1750 1075 scilicet
1810 1024 2019 1075 causa
2036 1060 2059 1089 ,
2123 1000 2241 1076 cui
2296 1000 2458 1075 talis
2520 1002 2940 1099 respondeat
3001 1002 3310 1077 effectus,
3415 1002 3632 1081 Quod

562 1144 704 1219 quo
750 1120 1011 1197 certius
1058 1129 1209 1209 est,
1256 1146 1339 1197 eo
1388 1120 1763 1197 dilucidius
1804 1130 2193 1221 exponatur
2242 1119 2331 1195 ab
2379 1120 2466 1194 iis
2485 1178 2506 1208 ,
2557 1121 2682 1219 qui
2730 1122 2908 1197 hanc
2954 1148 2997 1197 a
3033 1121 3236 1197 nobis
3271 1123 3630 1199 laudatam

560 1240 835 1317 critices
881 1240 1293 1317 methodum
1332 1240 1803 1339 comprobent.
1870 1242 2024 1316 Aut
2064 1241 2297 1329 fallor,
2341 1249 2468 1316 aut
2505 1240 2624 1316 illa
2667 1242 2844 1317 duce
2881 1251 2956 1317 et
2991 1243 3270 1342 auspice
3311 1243 3634 1319 futurum

563 1367 709 1449 est,
760 1369 845 1435 ut
883 1386 1343 1460 quaecunque
1386 1360 1594 1435 hodie
1648 1360 1736 1435 de
1780 1384 1947 1436 msc
1998 1384 2301 1437 cnnrsrr
2342 1385 2635 1460 persona
2655 1420 2676 1448 ,
2733 1361 3056 1451 historia,
3103 1386 3310 1461 opere
3361 1364 3632 1461 agiten-

562 1488 683 1555 tur
749 1480 909 1556 lites
929 1540 949 1569 ,
1019 1506 1183 1557 mox
1248 1482 1743 1580 consopiantur
1804 1506 2047 1557 omnes
2066 1541 2087 1571 ,
2160 1482 2370 1557 modo
2439 1506 2529 1556 ne
2599 1483 2836 1557 oculos
2895 1482 3221 1557 deiiciant
3275 1483 3496 1557 critici
3543 1482 3633 1559 de

564 1600 953 1676 arctissimo
1016 1601 1326 1691 vinculo,
1394 1627 1535 1701 quo
1592 1624 1759 1677 msc
1809 1624 2107 1677 omusn
2147 1626 2327 1700 opus
2369 1626 2535 1680 cum
2582 1602 2804 1700 ipsius
2849 1626 3143 1701 persona
3183 1602 3634 1679 coniunctum

566 1728 712 1809 eat3
776 1721 983 1796 cuius
1042 1721 1303 1796 vinculi
1368 1722 1537 1797 haec
1602 1729 1710 1797 est
1759 1730 2008 1797 natura
2029 1781 2052 1810 ,
2122 1731 2203 1797 ut
2247 1722 2372 1821 qui
2419 1721 2508 1795 de
2553 1722 2704 1796 eius
2756 1746 3048 1821 persona
3095 1746 3236 1798 non
3281 1731 3468 1798 recte
3521 1747 3635 1797 co·

564 1841 785 1940 gitet,
858 1840 1011 1921 eius
1070 1866 1249 1941 opus
1320 1842 1413 1917 ad
1482 1841 1731 1917 mundi
1797 1842 2095 1917 salutem
2165 1852 2349 1917 recte
2419 1842 2780 1941 cognitum
2833 1840 3088 1916 habere
3139 1850 3466 1942 nequeat.
3567 1844 3634 1918 O

568 1960 839 2036 utinam
906 1984 1151 2037 omnes
1206 1961 1513 2060 theologi
1556 1962 1760 2038 unice
1820 1962 2251 2062 probabilem
2303 1962 2574 2037 critices
2626 1961 3039 2036 methodum
3093 1986 3292 2037 suam
3341 1963 3599 2039 faciant
3617 2022 3640 2054 ,

568 2080 805 2155 omnia
881 2081 991 2155 vel
1059 2081 1670 2171 antecedentibus,
1743 2083 1852 2157 vel
1906 2081 2496 2181 consequentibus
2517 2140 2538 2171 ,
2613 2082 2723 2156 vel
2785 2081 3098 2179 utrisque
3120 2141 3141 2171 ,
3211 2084 3443 2181 quoad
3490 2082 3641 2160 eius

565 2200 719 2275 fieri
770 2201 1065 2299 poterit,
1133 2202 1521 2277 metientes.
1624 2202 1691 2276 O
1742 2226 1869 2277 nos
1914 2200 2187 2290 felices,
2250 2202 2313 2277 si
2362 2224 2612 2276 omnes
2660 2200 2813 2274 eius
2859 2202 3244 2298 praeceptis
3283 2201 3639 2301 obtempe-

564 2344 805 2395 ramus
828 2378 849 2409 ,
898 2328 1113 2419 atque
1161 2321 1263 2396 ita
1298 2322 1387 2396 de
1432 2320 1637 2396 nobis
1690 2322 1828 2397 dici
1873 2330 2104 2421 potest
2126 2380 2149 2410 ,
2196 2322 2389 2420 quod
2443 2321 2530 2395 de
2590 2344 2921 2419 germano
2967 2322 3203 2395 critico
3251 2347 3643 2421 numquam

566 2463 710 2516 non
757 2440 1099 2515 affirmare
1140 2441 1439 2541 poterisz
1492 2466 1669 2541 quae
1710 2466 1851 2516 non
1894 2440 2394 2539 consequentia
2439 2448 2606 2513 sunt
2647 2438 2908 2527 reiicit,
2958 2464 3138 2539 quae
3189 2442 3644 2540 congruentia

570 2566 811 2635 secum
839 2558 1133 2635 invicem
1168 2560 1570 2659 coniungit,
1604 2586 1761 2637 vera
1800 2586 2071 2695 semper
2112 2584 2454 2659 quaerens
2489 2559 2716 2657 iisque
2745 2559 3256 2658 praeiudicatae
3284 2561 3644 2659 opiniones

568 2679 813 2755 cedere
878 2679 1175 2769 iubens,
1241 2704 1467 2780 quum
1531 2681 1892 2756 veritatem
1954 2682 2030 2754 in
2089 2680 2332 2779 quavis
2401 2675 2884 2776 disquisitione
2941 2686 3144 2778 grato
3203 2678 3439 2754 animo
3495 2704 3644 2757 am-

568 2799 951 2899 plectatur,
1004 2808 1219 2917 atque
1274 2801 1608 2891 candide,
1660 2798 2008 2933 quidquid
2060 2807 2422 2899 propterea
2473 2796 2928 2873 reiiciendum
2971 2805 3116 2887 est,
3165 2799 3590 2898 profiteatur.

664 3041 781 3116 De
856 3040 1093 3118 critica
1172 3065 1261 3116 ex
1341 3042 1695 3142 proposito
1782 3041 2083 3118 breviter
2161 3038 2700 3139 disputavimus.
2803 3038 2914 3113 De
2979 3039 3132 3114 eius
3203 3063 3338 3115 ma
3357 3048 3446 3116 te
3466 3041 3606 3117 ria
3625 3101 3650 3132 ,

572 3183 989 3251 munere,
1036 3160 1282 3252 iure,
1346 3187 1695 3252 norma,
1762 3160 2187 3236 methodo
2238 3160 2586 3250 dicenteS,
2636 3183 2778 3235 non
2829 3159 3118 3257 quidem
3163 3160 3252 3236 de
3305 3161 3650 3238 industria

574 3281 1059 3380 probavimus,
1134 3307 1291 3358 eam
1354 3281 1666 3358 studiose
1722 3307 1765 3356 a
1814 3281 2157 3381 theologis
2207 3280 2661 3355 exercendam
2717 3303 2913 3367 esse3
2981 3288 3056 3354 at
3107 3281 3216 3355 vel
3265 3281 3362 3356 sic
3385 3290 3651 3386 *tamen

572 3425 615 3475 e
672 3400 881 3478 dictis
944 3400 1144 3477 facile
1219 3401 1401 3478 illud
1469 3402 1649 3478 effici
1708 3425 1851 3478 non
1923 3401 2201 3477 credere
2262 3424 2404 3476 non
2466 3421 2776 3501 possum.
2878 3399 3021 3475 Res
3079 3399 3232 3502 ipsa
3281 3400 3649 3498 loquatur,

576 3545 791 3620 seque
834 3522 992 3620 ipsa
1040 3520 1381 3622 theologis
1420 3523 1862 3599 commendet
1914 3547 2025 3598 ars
2070 3523 2191 3598 illa
2237 3521 2588 3622 praeclara
2641 3529 2716 3596 et
2753 3520 3073 3620 egregia,
3125 3521 3212 3594 de
3263 3522 3403 3620 qua
3457 3521 3652 3596 idem

572 3639 717 3716 fere
769 3639 967 3738 quod
1014 3641 1103 3715 de
1160 3641 1597 3741 philosophia
1647 3642 1917 3717 dictum
1966 3651 2109 3730 est,
2162 3642 2299 3718 dici
2350 3647 2602 3740 potest.
2711 3641 2938 3719 nouis
2996 3641 3382 3740 vituperare
3435 3641 3652 3716 audet

573 3760 770 3836 illam
813 3760 1145 3836 vitiorum
1200 3785 1651 3860 errorumque
1690 3763 2195 3862 expultricem?
2295 3762 2534 3839 Quam
2599 3761 2725 3859 qui
2787 3761 3129 3861 vituperet
3188 3759 3421 3836 nescio
3475 3759 3653 3860 quid

574 3879 757 3956 ille
736 3905 809 3954 ιιι
862 3902 1099 3956 rerum
1123 3891 1405 3958 -natura
1449 3882 1883 3959 laudandum
1934 3907 2085 3958 esse
2130 3887 2333 3980 putet
2360 3880 2499 3974 ¹).'’
2601 3879 2692 3955 Se
2742 3879 2894 3981 ipsa
2937 3880 3417 3969 commendet,
3468 3903 3650 3979 quae

576 3999 794 4079 libere
848 4024 1066 4101 agens
1128 4025 1401 4101 semper
1456 4027 1499 4078 a
1556 4001 1833 4078 licentia
1889 4001 2249 4090 abhorret,
2318 4000 2434 4074 die
2501 4006 2856 4099 noctuque
2908 4001 3202 4100 vigilans
3219 4059 3241 4090 ,
3299 4001 3649 4087 Ecclesiae

578 4120 965 4196 commodis
1005 4121 1335 4198 inservire
1376 4146 1651 4222 semper
1694 4122 2007 4198 studens.
2106 4119 2406 4196 Veritati
2447 4128 2530 4194 ut
2569 4120 2788 4218 prosit
2804 4179 2826 4208 ,
2873 4145 2966 4195 ne
3001 4120 3375 4196 vereamini
3402 4120 3491 4195 A.
3519 4121 3645 4198 A.!

580 4238 699 4315 lui
740 4263 987 4314 nocere
1038 4241 1165 4338 qui
1208 4243 1495 4318 tandem
1516 4312 1526 4320 .
1544 4243 1820 4341 possit?
1920 4240 2291 4316 Erroribus
2324 4239 2515 4316 enim
2551 4239 2825 4315 infensa
2853 4249 2960 4314 est
3001 4249 3074 4314 et
3112 4239 3394 4314 inimica
3421 4239 3646 4314 omni·

582 4355 721 4430 bus
738 4413 761 4444 ,
812 4363 887 4430 et
922 4359 1117 4455 quod
1156 4358 1248 4433 ad
1290 4359 1650 4436 veritatem
1685 4360 1968 4449 attinet,
2019 4359 2189 4436 haec
2224 4359 2357 4436 olei
2395 4358 2616 4436 instar
2651 4360 2724 4434 in
2770 4383 2991 4459 aquas
3034 4357 3241 4433 effusi
3280 4357 3460 4432 hanc
3507 4357 3646 4432 sibi

582 4475 957 4552 formulam
1004 4479 1353 4578 propriam
1402 4503 1675 4580 semper
1719 4479 2025 4556 vindicat
2070 4488 2142 4554 et
2192 4478 2602 4556 vindicabit:
2669 4502 3011 4556 Locroe.
3075 4500 3184 4553 n·
3245 4477 3640 4552 annaeo!

671 4689 725 4766 ¹)
782 4691 1335 4758 Wrrrznmomus.

3208 4963 3306 5035 23
