4730 6049
1873 638 2434 710 ORATIO.
3556 642 3684 709 113

609 846 971 923 veritatem
1032 847 1223 925 illam
1284 854 1823 925 commonstrare
1883 873 1964 925 ac
2032 849 2378 927 vindicare
2443 848 2718 927 studuit
2733 907 2762 955 ,α
2827 874 2908 925 ac
2976 858 3122 925 tam
3197 848 3474 951 egregie
3530 874 3679 927 rem

606 990 813 1044 snam
872 968 1101 1068 egisse
1150 969 1341 1045 visus
1384 978 1493 1043 est
1510 1026 1531 1057 ‚
1601 978 1719 1058 ut,
1782 968 2137 1047 Historiae
2190 972 2476 1049 veritate
2521 968 2826 1048 admissa
2845 1026 2866 1057 ,
2918 968 3172 1043 ‘nullus
3217 968 3358 1045 fere
3403 978 3672 1047 contra-

604 1086 894 1164 dicendi
936 1089 1441 1190 relinqueretur
1486 1090 1679 1167 locus
1700 1092 1791 1182 7).
1891 1092 1999 1165 Ac
2042 1114 2209 1167 sane
2225 1149 2247 1181 ‚
2287 1092 2378 1167 A.
2402 1093 2525 1169 A.1
2579 1088 2927 1191 quidquid
2966 1090 3586 1189 argumentationi,
3637 1118 3680 1167 a

606 1230 883 1284 annno
930 1210 1321 1310 propositae
1372 1208 1851 1309 derogandum
1902 1234 2054 1285 esse
2102 1219 2382 1287 censeat
2432 1217 2668 1286 nostra
2718 1217 2948 1285 aetas:
3001 1234 3337 1286 anorum
3391 1212 3679 1309 parvulo

603 1328 729 1405 illo
796 1336 873 1404 at
940 1328 1241 1428 pretioso
1304 1328 1539 1405 libello
1608 1330 1791 1405 viam
1854 1330 2234 1407 munivisse
2300 1331 2661 1431 facemque
2713 1330 3120 1430 praetulisse
3167 1330 3345 1406 bene
3394 1331 3634 1408 multis
3659 1402 3683 1437 ‚

604 1450 737 1548 qui
758 1506 781 1537 ,
844 1449 1301 1548 praecedente
1348 1451 1557 1525 etiam
1608 1450 1879 1527 saeculo
1898 1508 1917 1539 ,
1984 1452 2337 1551 religionis
2387 1450 2864 1528 defendendae
2917 1476 3162 1527 caussa
3211 1476 3404 1527 arma
3451 1452 3676 1529 accin-

606 1577 855 1669 gerent
874 1626 895 1656 ,
960 1592 1171 1644 nemo
1229 1569 1497 1645 inficias
1554 1570 1707 1645 ibit.
1827 1572 2197 1671 Quotquot
2254 1572 2475 1672 igitur
2535 1572 2746 1647 huius
2818 1571 3106 1671 vestigia
3171 1596 3404 1671 presse
3457 1572 3678 1647 secuti

608 1697 781 1765 sunt
796 1746 819 1778 ‚
886 1690 1189 1765 externis
1249 1690 1391 1765 sive
1434 1690 1804 1767 Historicis
1853 1692 2283 1793 argumentis
2324 1692 2401 1767 in
2455 1690 2926 1792 Apologeticis
2973 1692 3357 1793 principem
3401 1692 3630 1768 locum
3649 1750 3672 1783 ‚

604 1809 973 1909 primarias
1038 1815 1270 1909 partes
1330 1810 1792 1911 assignarunt.
1910 1813 2075 1889 Non
2131 1821 2408 1898 tantum
2465 1813 2773 1890 divinam
2825 1811 3036 1887 huius
3080 1812 3430 1912 religionis
3474 1812 3674 1887 indo-

606 1930 757 2005 lem
810 1929 941 2008 hae
996 1928 1105 2005 via
1163 1940 1235 2004 et
1282 1930 1545 2005 ratione
1590 1932 1853 2031 optime
1898 1932 2173 2033 probari
2215 1957 2418 2032 posse
2461 1933 2980 2021 existimarunt3
3049 1933 3173 2008 sed
3218 1933 3428 2009 etiam
3470 1932 3676 2035 plane

610 2050 1039 2151 singularem
1077 2051 1229 2127 eius
1275 2052 1769 2150 praestantiam
1817 2053 1891 2127 in
1934 2076 2019 2129 eo
2062 2054 2363 2129 maxime
2415 2054 2608 2153 quod
2656 2052 2867 2129 talem
2905 2076 3070 2155 prae
3115 2077 3188 2128 se
3231 2053 3438 2129 ferret
3477 2053 3675 2128 indo-

606 2172 752 2248 lem
774 2231 796 2261 ‚
865 2172 1055 2249 cerui
1120 2181 1579 2261 monuerunt,
1648 2174 1923 2273 Deique
1990 2173 2401 2275 sapientiam
2459 2172 2788 2249 admirari
2831 2180 2904 2247 et
2949 2173 3234 2249 adorare
3279 2174 3675 2263 iusserunt,

608 2292 739 2393 qui
798 2316 971 2369 mse
1036 2292 1393 2369 historiam
1452 2300 1523 2367 et
1582 2292 1966 2370 doctrinam
2015 2293 2397 2369 arctissime
2437 2292 2738 2393 iungens
2755 2348 2776 2379 ,
2841 2290 3102 2390 optime
3151 2290 3492 2368 humanae
3545 2291 3674 2367 im-

605 2410 975 2487 becillitati
1018 2410 1443 2485 consuluerit
1462 2412 1553 2504 8).
2411 2394 2416 2399 ’

708 2530 977 2605 Verum
1031 2530 1221 2605 enim
1265 2554 1431 2605 vero
1452 2588 1471 2619 ,
1521 2529 1923 2605 incredibile
1966 2529 2163 2605 dictu
2206 2536 2315 2605 est
2334 2586 2357 2618 ‚
2411 2534 2834 2627 quantopere
2877 2527 3181 2625 pretium
3225 2528 3400 2604 illud
3418 2586 3436 2617 ,
3486 2529 3678 2629 quod

611 2673 933 2726 anorrus
978 2649 1389 2739 Historias,
1440 2674 1620 2750 quae
1660 2649 2023 2739 dicuntur,
2072 2647 2504 2750 argumentis
2545 2654 2917 2735 statuerat,
2966 2646 3042 2721 in
3092 2648 3240 2723 dies
3277 2650 3503 2749 magis
3541 2651 3674 2727 im-

610 2770 841 2847 minui
894 2771 1198 2870 coeperit
1214 2828 1237 2860 ,
1300 2779 1645 2871 quantum
1708 2794 1753 2846 a
1808 2769 2101 2870 pristino
2162 2770 2280 2844 illo
2338 2776 2650 2867 tempore
2701 2766 2913 2842 distet
2954 2792 3033 2843 ac
3073 2774 3345 2843 mutata
3391 2768 3484 2842 sit
3529 2776 3678 2844 tota

610 2890 1007 2991 cogitandi,
1072 2891 1609 2991 argumentandi
1674 2890 2157 2989 sentiendique
2216 2889 2394 2967 ratio
2413 2947 2435 2979 ‚
2483 2888 2583 2963 ita
2632 2886 2916 2986 quidem
2967 2894 3048 2962 ut
3095 2911 3430 2965 cnorum
3488 2912 3674 2963 com-

612 3035 1019 3088 memorans
1078 3037 1159 3088 ac
1222 3011 1517 3088 laudans
1536 3071 1557 3101 ‚
1625 3012 1797 3088 alios
1856 3012 2295 3089 subridentes
2355 3009 2532 3086 mihi
2592 3010 2854 3108 fingam
2873 3068 2894 3098 ,
2943 3008 3114 3090 alios
3163 3016 3680 3086 murmurantes

614 3131 939 3208 audiam:
998 3156 1085 3206 uo
1128 3138 1368 3208 sancta
1410 3130 1831 3230 Simplicitas
1856 3132 1923 3204 1”
1958 3173 2053 3190 —
2086 3131 2307 3206 Cuius
2356 3129 2920 3206 commutationis
2971 3154 3250 3205 caussas
3297 3129 3680 3207 admodum

618 3251 839 3328 varias
855 3309 879 3341 ,
930 3251 1093 3328 lieet
1134 3277 1179 3328 a
1229 3258 1465 3326 nostro
1510 3250 1795 3326 consilio
1836 3275 1976 3326 non
2026 3251 2331 3326 alienum
2381 3258 2604 3338 esset,
2650 3248 2768 3324 hic
2810 3273 3346 3325 commemorare
3365 3277 3372 3284 ·
3390 3249 3683 3351 longum

610 3371 812 3447 foret.
915 3370 1233 3446 Primum
1288 3371 1365 3444 in
1422 3395 1713 3449 censum
1776 3371 1963 3446 venit
2008 3369 2494 3470 Philosophiae
2555 3369 2628 3444 in
2689 3369 3138 3469 Theologiam
3185 3369 3442 3444 frustra
3498 3372 3679 3448 relu-

462 3537 473 3547 ·
611 3501 966 3584 ctantem,
1034 3492 1337 3570 ducibus
1402 3499 1473 3567 et
1523 3491 1923 3568 auctoribus
1990 3513 2292 3566 annosa
2314 3549 2333 3580 ,
2385 3511 2666 3578 numo,
2718 3512 2993 3565 nocxro
3015 3547 3036 3580 ,
3087 3489 3190 3564 vis
3241 3499 3314 3566 et
3357 3491 3677 3566 efficacia.

612 3614 1056 3690 Lussmmus
1098 3613 1469 3713 Theologis
1514 3614 1627 3688 ius
1682 3613 2011 3712 denegari
2059 3612 2313 3700 voluit,
2367 3610 2690 3686 historico
2741 3610 3047 3710 quodam
3096 3611 3277 3686 facto
3319 3610 3679 3688 veritatem

614 3733 761 3810 sive
802 3733 1289 3832 philosopham
1340 3734 1484 3810 sive
1526 3733 1921 3834 religiosam
1966 3732 2462 3832 comprobandi
2489 3733 2576 3825 ⁰).
2679 3731 3022 3808 Kan'rrus
3063 3732 3450 3808 Historiam
3497 3731 3678 3828 eius-

616 3877 755 3951 que
800 3854 1160 3930 veritatem
1202 3856 1385 3930 inter
1424 3853 1820 3953 οέδιάφορα
1860 3854 2207 3928 recensuit
2236 3855 2355 3944 ¹⁰).
2457 3853 2862 3928 Aunoums
2899 3852 3306 3954 religionem
3347 3859 3420 3928 et
3458 3851 3683 3927 Theo-

617 3971 877 4071 logiam
950 3973 1417 4050 Christianam
1482 3975 1771 4050 minime
1838 3973 1929 4049 ab
1996 3973 2297 4052 Historia
2360 3997 2526 4050 msa
2579 3997 2877 4048 cumam
2928 3973 3228 4072 pendere
3273 3974 3520 4052 statuit
3558 3975 3681 4066 11).

618 4091 1421 4168 Senmmnmcnmuu
1486 4092 1575 4168 ab
1640 4095 1769 4170 hac
1834 4119 2115 4192 quoque
2182 4093 2526 4168 sententia
2573 4093 2762 4168 haud
2807 4095 3050 4191 procul
3107 4093 3440 4169 distitisse
3489 4094 3679 4169 dixe—

616 4213 713 4289 ris
762 4215 883 4304 ¹²).
986 4212 1205 4288 Multi
1272 4214 1643 4314 Theologi‚
1685 4214 1867 4290 inter
1916 4239 2091 4313 quos
2140 4235 2837 4290 aaarscnnnmnans
2883 4215 3018 4306 ¹³),
3070 4237 3492 4290 'rwns'rnuus
3540 4215 3680 4306 ¹⁴),
3721 4233 3728 4241 ‘

618 4355 889 4408 naama
936 4333 1077 4425 ¹¹⁵),
1106 4357 1633 4414 ,scnsnxsnms
1680 4337 1821 4428 ¹⁰),
1872 4358 2444 4410 uaesanaenms
2479 4336 2619 4426 ¹⁷),
2667 4340 3077 4433 argumenta
3133 4356 3300 4408 insu
3348 4358 3434 4406 ex
3479 4333 3681 4408 factis

620 4459 693 4526 et
737 4451 903 4527 fatis
948 4452 1167 4551 petita
1206 4454 1367 4529 licet
1410 4479 1535 4553 per
1583 4481 1661 4529 se
1710 4479 1851 4530 non
1904 4454 2248 4530 sufficiant
2266 4513 2287 4542 ,
2358 4462 2432 4529 et
2483 4479 2526 4529 a
2577 4453 2778 4528 nobis
2840 4453 3044 4556 longe
3089 4452 3374 4526 minoris
3395 4508 3417 4540 ,
3467 4476 3681 4550 quam

620 4597 666 4646 a
724 4595 891 4649 usu
955 4573 1367 4672 aequalibus
1434 4575 1575 4652 sint
1630 4574 1985 4664 habenda,
2040 4575 2325 4651 mimine
2385 4575 2578 4649 omni
2625 4574 2850 4673 pretio
2899 4572 3232 4648 destituta
3278 4579 3352 4646 et
3391 4595 3680 4669 prorsus

620 4693 1133 4769 contemnenda
1198 4694 1719 4782 existimarunt,
1788 4719 2019 4794 neque
2090 4695 2455 4795 egregium
2517 4693 2682 4768 fidei
2747 4690 3250 4768 adminiculum
3319 4690 3407 4764 iis
3456 4690 3682 4766 inesse

625 4820 993 4914 negarunt.
1096 4813 1200 4888 Hi
1263 4814 1484 4914 igitur
1546 4815 1849 4900 mediam
1916 4815 2129 4892 veluti
2194 4815 2374 4890 viam
2429 4813 2682 4900 secuti,
2743 4813 2820 4886 in
2863 4810 3298 4887 defendenda
3341 4818 3414 4885 et
3461 4811 3684 4886 vindi-

3257 4935 3348 5006 15
