4730 6049
1061 623 1150 690 22⁴
2021 621 2098 689 A.
2168 624 2237 690 E.
2308 621 2648 688 SIMON
2717 619 3158 688 THOMAS

1059 855 1243 906 mus.
1344 830 1559 910 Quod
1600 854 1823 929 quum
1868 829 1995 908 diu
2036 829 2110 908 in
2132 911 2139 916 ,
2164 831 2341 906 votis
2401 838 2624 921 esset,
2693 830 2826 906 tibi
2869 827 3284 929 contigisse,
3331 825 3438 902 Cl.
3487 845 3892 913 romeon,
3955 849 4120 924 gra-

1062 952 1371 1028 tulamur
1393 1010 1416 1041 ‚
1482 976 1709 1052 neque
1770 952 2003 1026 minus
2054 960 2125 1028 te
2178 952 2700 1030 ornatissimum
2771 973 2870 1026 nn
2939 971 3170 1025 eoam
3229 947 3569 1048 adeptum
3605 955 3766 1021 esse
3818 946 4120 1023 alterum

1060 1071 1478 1146 Adiutorem
1551 1073 1959 1172 Interpretis
2036 1073 2289 1173 Legati
2351 1071 2789 1161 Warneriani
2805 1129 2828 1160 ‚
2893 1097 2936 1146 a
2995 1069 3258 1170 quibus
3311 1091 3674 1167 speramus
3741 1074 3812 1142 te
3829 1125 3850 1157 ,
3919 1074 4120 1168 parte

1061 1191 1291 1290 gravis
1359 1191 1467 1264 tui
1540 1182 1850 1268 muneris
1896 1192 2199 1268 levatum
2222 1251 2243 1282 ‚
2310 1191 2591 1268 laudem
2641 1191 3126 1267 Semiticarum
3173 1189 3525 1264 literarum
3545 1245 3566 1278 ‚
3617 1211 3794 1286 quas
3843 1209 4122 1286 semper

1059 1311 1347 1388 feliciter
1396 1312 1671 1388 coluisti
1688 1371 1709 1402 ,
1758 1312 1831 1388 in
1876 1322 2114 1390 nostra
2158 1313 2540 1406 Academia
2583 1311 2796 1411 digne
2849 1310 3032 1385 tueri
3078 1331 3302 1410 posse.

1157 1433 1289 1506 Est
1324 1433 1459 1508 alia
1503 1457 1783 1532 quoque
1824 1459 1935 1508 res
1958 1493 1979 1524 ,
2028 1460 2171 1534 qua
2213 1457 2632 1533 magnopere
2675 1433 3037 1508 laetamur.
3129 1429 3310 1504 Vere
3353 1427 3544 1504 enim
3585 1427 3788 1502 nobis
3841 1451 4120 1526 sperare

1058 1577 1263 1653 posse
1330 1552 1649 1628 videmur
1716 1555 2113 1630 cathedram
2181 1553 2537 1628 Historiae
2602 1553 2866 1652 patriae
2931 1573 3112 1626 novo
3177 1549 3548 1650 professori
3611 1547 3932 1622 oblatum
3991 1546 4118 1635 iri,

1060 1673 1250 1772 quod
1295 1683 1374 1748 ut
1412 1674 1574 1763 tibi,
1602 1674 1709 1748 Cl.
1734 1698 1831 1752 nn
1857 1697 2071 1750 vanis
2094 1733 2115 1764 ,
2154 1674 2358 1750 nobis
2401 1697 2680 1773 quoque
2701 1697 2980 1773 magno
3015 1677 3126 1746 est
3154 1667 3414 1768 gaudio
3433 1725 3455 1758 ‚
3503 1692 3646 1744 non
3689 1667 3882 1766 quod
3927 1667 4119 1766 quis-

1060 1818 1275 1892 quam
1315 1802 1385 1868 te
1434 1793 1709 1893 dignior
1755 1795 1889 1883 sit,
1942 1792 2057 1870 cui
2098 1795 2219 1870 illa
2262 1795 2614 1893 provincia
2658 1794 3055 1883 mandetur,
3095 1790 3222 1866 sed
3265 1789 3434 1890 quia
3476 1795 3758 1889 gratum
3782 1788 3918 1866 erit
3947 1787 4080 1862 tibi
4097 1845 4118 1876 ‚

1059 1914 1276 1989 literis
1338 1939 1497 1989 vero
1565 1914 2195 1991 fructuosissimum
2215 1973 2237 2003 ,
2306 1915 2368 1989 si
2425 1939 2668 1990 omnes
2713 1922 2874 1990 tuas
2921 1912 3099 1990 vires
3149 1912 3242 1988 ad
3293 1911 3608 1987 studium
3657 1917 3936 1986 nostrae
3991 1908 4120 1984 lin-

1060 2060 1241 2133 guae
1288 2034 1651 2111 intendere
1697 2034 1979 2134 poteris.

1158 2155 1246 2228 In
1292 2155 1651 2230 Facultate
1695 2155 2237 2255 Disciplinarum
2280 2156 2941 2232 Mathematicarum
2975 2161 3048 2230 et
3069 2153 3522 2252 Physicarum
3554 2151 3744 2226 idem
3773 2150 3902 2249 qui
3927 2148 4122 2249 prius

1060 2283 1167 2348 est
1208 2274 1669 2374 professorum
1716 2300 2075 2352 numerus.
2176 2277 2448 2351 Munus
2505 2276 2963 2352 observatoris
3017 2273 3460 2350 astronomici
3514 2296 3767 2348 vacans
3807 2271 4124 2346 discessu

1062 2395 1444 2470 doctissimi
1501 2421 1704 2472 noan
1726 2456 1747 2486 ,
1810 2397 1926 2472 cui
1969 2397 2295 2472 cathedra
2334 2397 2411 2472 in
2453 2398 2834 2474 Academia
2867 2393 3322 2471 Ultraiectina
3363 2401 3472 2469 est
3507 2392 3779 2481 oblata,
3829 2391 4122 2466 manda·

1060 2524 1215 2590 tum
1274 2523 1380 2590 est
1435 2516 1873 2592 ornatissimo
1928 2541 2247 2593 meolam
2310 2542 2664 2594 Murano
2710 2543 2913 2608 ΚΑΜ,
2979 2514 3416 2613 Philosopiae
3462 2512 3820 2588 Naturalis
3863 2510 4124 2586 Candi-

1056 2633 1261 2724 dato,
1310 2659 1525 2732 quem
1570 2643 1933 2712 strenuum
1977 2636 2144 2725 tibi,
2188 2636 2295 2712 Ol.
2324 2660 2638 2726 muana,
2685 2636 3076 2712 adiutorem
3099 2635 3245 2710 fore
3275 2659 3653 2734 speramus.
3727 2633 3834 2708 Gl.
3886 2639 4126 2707 autem

1058 2777 1208 2829 van
1258 2777 1406 2830 nna
1460 2779 1657 2830 Boon
1707 2779 1951 2830 sanson
2020 2756 2463 2834 doctissimus
2525 2779 2940 2834 Lunovmos
3001 2777 3334 2832 canonos
3393 2779 3670 2830 nivoni
3737 2753 3951 2828 datus
4021 2757 4126 2827 est

1056 2875 1499 2950 amanuensis
1518 2933 1538 2964 ,
1588 2876 1789 2950 cuius
1834 2901 2119 2976 operam
2166 2878 2242 2951 in
2288 2878 2560 2954 chemia
2599 2879 2902 2978 practica
2950 2877 3191 2978 magni
3235 2877 3379 2951 fore
3431 2875 3874 2951 confidimus.

1156 2995 1267 3069 De
1320 2995 1734 3096 Theologiae
1790 3005 2027 3072 autem
2078 2996 2410 3073 facultate
2473 3023 2614 3073 non
2667 3005 2776 3075 est
2834 2997 3026 3097 quod
3066 2999 3290 3073 multa
3329 2996 3668 3072 dicamus.
3771 2993 3926 3070 Hoc
3973 3001 4122 3069 tan-

1060 3124 1213 3190 tum
1261 3116 1487 3191 dicere
1530 3115 1769 3205 liceat,
1820 3142 1947 3191 nos
1994 3124 2233 3217 optare
2278 3126 2361 3193 ut
2411 3119 2739 3197 cathedra
2783 3144 3033 3195 vacans
3079 3117 3280 3194 obitu
3328 3118 3437 3192 Ol.
3483 3139 3654 3191 xrsr
3698 3140 3866 3191 mox
3909 3114 4122 3214 digno

1062 3235 1439 3311 successori
1478 3236 1793 3311 tradatur
1809 3295 1830 3326 ‚
1882 3236 2083 3313 cuius
2122 3238 2476 3313 doctrinae
2503 3239 2926 3339 praestantia
2953 3238 3280 3317 exstincti
3325 3237 3748 3313 desiderium
3798 3236 4120 3311 leniatur.

1157 3354 1409 3429 Restat
1478 3362 1557 3428 ut
1621 3354 1997 3430 dicendum
2062 3355 2157 3430 sit
2222 3356 2313 3431 de
2377 3357 2660 3433 Medica
2711 3358 3063 3435 facultate.
3163 3361 3252 3435 In
3301 3382 3596 3435 numero
3651 3356 4121 3458 professorum

1060 3472 1237 3548 nihil
1300 3482 1405 3549 est
1468 3483 1841 3551 mutatum.
1910 3477 2355 3585 ‘Gaudemus
2425 3502 2685 3553 munus
2744 3478 3030 3555 alterius
3080 3480 3523 3581 prosectoris‚
3585 3479 3710 3577 qui
3759 3479 3892 3553 diu
3941 3476 4118 3552 desi-

1058 3594 1469 3685 derabatur,
1540 3596 1851 3671 delatum
1918 3621 2069 3671 esse
2140 3597 2542 3675 doctissimo
2619 3623 3024 3675 summano
3091 3624 3402 3677 xos'rna.
3561 3600 3775 3678 Quod
3797 3659 3818 3690 ,
3899 3618 4118 3698 quum

1062 3715 1463 3814 disciplinae
1481 3775 1502 3805 ,
1580 3740 1755 3815 quas
1832 3717 2048 3793 tradis
2067 3776 2089 3806 ,
2169 3724 2312 3793 tam
2380 3719 2518 3795 late
2588 3728 2874 3820 pateant
2891 3778 2912 3809 ,
2981 3720 3113 3795 tibi
3164 3720 3602 3820 gratulamur
3625 3776 3649 3809 ,
3703 3718 4120 3795 amicissime

1062 3858 1577 3911 naturarum.
1680 3838 1933 3937 Neque
1970 3837 2378 3913 dubitamus
2419 3839 2592 3937 quin
2641 3864 2807 3914 eum
2849 3864 3072 3939 aeque
3101 3866 3182 3915 ac
3211 3840 3691 3916 doctissimum
3722 3858 4120 3915 noooaaan

1058 3961 1423 4029 strenuum
1496 3954 1885 4029 adiutorem
1952 3954 2321 4031 habiturus
2391 3957 2526 4047 sis,
2593 3959 2717 4058 qui
2767 3984 3211 4037 communem
3275 3970 3512 4038 tecum
3577 3961 3652 4034 in
3721 3957 4118 4035 Medicinae

1061 4072 1533 4147 studiosorum
1580 4098 1985 4173 progressus
2030 4100 2272 4151 curam
2317 4076 2650 4153 conferat.

1160 4194 1493 4293 Superest
1542 4201 1622 4268 ut
1668 4219 1889 4293 pauca
1938 4193 2165 4270 dicam
2215 4195 2305 4271 de
2350 4196 2820 4273 instrumento
2868 4196 3285 4274 academico,

1156 4314 1549 4389 Multorum
1620 4314 2043 4413 experientia
2112 4338 2456 4389 annorum
2529 4316 2696 4391 satis
2767 4316 3296 4417 comprobatum
3373 4325 3524 4392 erat
3587 4304 4118 4393 Laboratorium

1062 4436 1474 4513 Chemicum
1520 4434 1847 4512 scientiae
1882 4435 2363 4535 progressibus
2405 4460 2852 4535 nequaquam
2881 4462 3032 4513 esse
3059 4437 3680 4513 accommodatum.
3747 4428 4120 4517 Conclavia

1061 4556 1387 4658 physicae
1429 4555 1855 4633 institutioni
1914 4555 2261 4633 destinata
2314 4556 2718 4655 angustiora
2767 4566 2966 4633 orant
3025 4566 3098 4633 et
3163 4558 3417 4633 Museo
3477 4556 3832 4633 Historiae
3889 4554 4117 4627 Natu-

1056 4677 1219 4752 ralis
1279 4684 1547 4776 partem
1612 4678 1966 4778 quandam
2032 4676 2478 4768 adimebant5
2547 4702 2690 4777 qua
2753 4678 2826 4753 in
2889 4686 3086 4753 tanta
3127 4678 3327 4779 copia
3373 4700 3610 4753 rernm
3655 4696 3993 4751 novarum
4039 4668 4114 4743 in

1059 4794 1245 4871 diem
1294 4795 1828 4877 accrescentium
1874 4799 2165 4875 minime
2213 4804 2486 4899 poterat
2533 4822 2783 4877 carere.
2864 4796 3286 4875 Academica
3337 4796 3644 4897 denique
3679 4792 4116 4871 Bibliotheca
