4730 6049
1823 653 2387 726 ORATIO.
3498 658 3633 733 328

575 862 866 966 exprimi
909 844 1192 963 prorsus
1233 860 1528 939 videtur.
1603 863 1966 941 Iudicatur
2013 888 2140 939 cur
2181 864 2611 945 observetur.
2676 868 3029 945 Assiduus
3072 868 3191 945 ille
3242 868 3317 945 in
3358 874 3633 969 pectore

575 986 884 1061 humano
929 1006 1166 1059 rerum
1213 980 1608 1059 divinarum
1651 984 1852 1061 testis
1899 992 1974 1061 et
2017 983 2269 1061 vindex
2307 984 2495 1062 iusta
2526 1010 2749 1087 aeque
2796 1014 2879 1065 ac
2920 990 3213 1065 honesta
3256 989 3631 1089 distinguit

573 1114 644 1181 et
707 1102 972 1179 definit.
1069 1104 1250 1179 Eam
1321 1102 1734 1180 observandi
1803 1104 2066 1180 homiui
2137 1104 2533 1181 Christiano
2602 1108 2879 1185 nullum
2952 1110 3147 1185 aliud
3208 1109 3631 1209 principium

571 1232 644 1299 et
703 1224 1247 1300 fundamentum
1301 1246 1516 1323 quam
1581 1224 1718 1301 Dei
1761 1226 2114 1315 voluntas,
2179 1226 2297 1303 cui
2341 1226 2631 1327 parendi
2674 1228 3085 1305 necessitate
3128 1254 3203 1305 se
3242 1229 3459 1305 sentit
3500 1228 3625 1305 ob·

577 1346 918 1421 strictum.

669 1465 972 1541 Minime
1027 1470 1266 1539 tamen
1323 1462 1584 1539 oraculi
1637 1464 1857 1539 instar
1905 1464 2098 1541 haud
2145 1464 2409 1543 fallacis
2460 1468 2879 1544 conscientia
2934 1493 3064 1547 sua
3114 1470 3375 1569 profert
3422 1468 3631 1547 effata

571 1592 894 1685 prompta
958 1608 1231 1682 semper
1283 1590 1357 1657 et
1397 1590 1659 1681 parata.
1758 1582 2022 1659 Iisdem
2065 1598 2280 1684 atque
2325 1586 2562 1663 omnia
2611 1587 2918 1665 humana
2972 1588 3239 1689 regitur
3291 1589 3628 1667 naturalis

567 1704 976 1781 incrementi
1040 1702 1336 1803 legibus.
1439 1702 1764 1803 Quisque
1839 1729 2040 1781 suam
2103 1706 2294 1781 acuit
2353 1713 2431 1781 et
2494 1707 2745 1782 excolit
2796 1709 3309 1785 conscientiam.
3408 1710 3625 1787 Acuit

571 1834 808 1902 autem
851 1835 923 1902 et
969 1824 1220 1901 excolit
1239 1882 1258 1911 ,
1309 1848 1472 1899 cum
1515 1848 1748 1899 rerum
1795 1826 2046 1925 suique
2090 1836 2409 1903 naturam
2456 1826 2707 1903 melius
2740 1828 3201 1929 perspexerit,
3250 1854 3413 1905 cum
3448 1854 3629 1931 quae

563 1944 642 2019 in
681 1970 764 2021 ea
805 1952 914 2021 est
953 1942 1311 2043 agnoverit
1356 1943 1632 2019 divinae
1679 1944 2054 2020 voluntatis
2103 1944 2585 2023 necessitatem
2606 2004 2627 2035 ,
2690 1954 2764 2023 et
2814 1971 2977 2023 cum
3032 1972 3184 2023 eam
3240 1972 3449 2047 quam
3500 1975 3625 2051 ag-

563 2064 834 2141 noverit
853 2123 874 2154 ,
935 2062 1420 2139 observaverit.
1519 2064 1660 2137 Sed
1723 2088 1888 2141 cum
1956 2064 2256 2165 quisque
2313 2090 2515 2141 suam
2570 2066 2761 2141 acuit
2828 2066 3217 2167 excolitque
3271 2068 3624 2145 conscien-

563 2185 734 2260 tiam
757 2243 782 2274 ,
849 2207 994 2259 non
1055 2183 1376 2260 divulsus
1436 2207 1565 2260 nec
1616 2184 2006 2261 disiunctus
2049 2193 2158 2260 est
2205 2210 2250 2261 a
2293 2185 2565 2283 reliquo
2610 2210 2867 2287 genere
2915 2186 3245 2265 humano.
3344 2189 3625 2289 Aequa·

563 2304 739 2379 lium
767 2364 788 2395 ,
835 2303 1280 2404 popularium
1303 2362 1322 2393 ,
1371 2303 1936 2403 praecedentium
1979 2312 2290 2379 aetatum
2331 2304 2481 2403 ipse
2522 2314 2851 2405 expertus
2896 2307 3035 2382 vim
3053 2366 3076 2396 ,
3124 2332 3283 2383 eam
3327 2330 3453 2385 sua
3482 2310 3629 2388 vice

563 2448 810 2500 rursus
861 2424 1116 2501 exserit
1157 2422 1233 2497 in
1290 2423 1444 2498 illos
1483 2423 1850 2523 populares
1869 2482 1890 2513 ,
1939 2424 2014 2499 in
2065 2423 2573 2525 subsequentes
2626 2426 2835 2502 etiam
2882 2434 3165 2503 aetates.

653 2544 1080 2644 Aequalium
1155 2542 1736 2643 populariumque
1755 2603 1775 2633 ,
1846 2551 2193 2643 quatenus
2263 2544 2445 2621 inter
2514 2568 2591 2621 se
2652 2546 3137 2634 consentiunt,
3208 2547 3629 2625 conscientia

561 2664 846 2765 publica
891 2672 1080 2741 recte
1129 2663 1408 2740 dicitur.

661 2784 740 2859 H
745 2810 828 2861 ac
888 2784 1350 2861 conscientiae
1410 2808 1572 2859 voce
1643 2784 2078 2883 significatur
2143 2784 2397 2861 deinde
2464 2784 2767 2861 veritatis
2828 2793 2900 2861 et
2961 2785 3425 2873 necessitatis,
3482 2810 3627 2865 non

567 2904 902 2979 utilitatis
957 2904 1280 3005 opinione
1333 2904 1850 3003 persuasionem
1895 2906 2086 2981 illam
2135 2903 2493 2980 contineri.
2592 2904 2763 2994 Est,
2822 2904 3113 2981 minime
3154 2929 3337 3005 nego
3358 2962 3379 2995 ‚
3438 2913 3511 2981 et
3552 2906 3629 2981 in

559 3022 724 3101 iure
797 3049 928 3102 sua
992 3024 1422 3126 persuasioni
1489 3024 1578 3102 de
1645 3024 1948 3102 utilitate
2011 3027 2136 3103 vis.
2240 3026 2383 3102 Sed
2439 3049 2581 3101 non
2636 3024 2773 3100 nisi
2816 3026 2997 3102 intra
3046 3027 3222 3102 fines
3240 3085 3261 3116 ,
3314 3028 3634 3126 quamvis

575 3144 964 3222 latissimos
981 3204 1004 3234 ,
1054 3170 1232 3246 quos
1275 3145 1584 3223 veritatis
1625 3153 1696 3222 et
1741 3145 2172 3223 necessitatis
2211 3154 2485 3245 ponunt
2528 3145 2910 3245 opiniones.
2982 3146 3071 3220 In
3107 3146 3423 3244 plurimis
3464 3146 3639 3224 iuris

573 3265 742 3340 locis
817 3291 1000 3365 quae
1060 3264 1340 3364 publica
1408 3265 1608 3342 iubet
1675 3266 2095 3342 conscientia
2158 3267 2651 3342 accuratiorem
2718 3266 3076 3367 postulant
3138 3267 3637 3346 definitionem.

567 3383 657 3460 In
709 3409 798 3462 ea
855 3385 1276 3460 accuratiore
1319 3385 1724 3462 definitione
1765 3387 1910 3462 sola
1955 3394 2308 3486 spectatur
2354 3386 2642 3462 utilitas.
2746 3385 2887 3462 Sed
2924 3385 3313 3462 accuratius
3352 3386 3641 3464 definita

568 3529 716 3604 quo
761 3504 1092 3582 nituntur
1137 3530 1280 3582 non
1333 3512 1612 3582 mutant
1657 3505 2218 3582 fundamentum.

663 3626 1025 3702 Summs
1093 3624 1313 3724 igitur
1385 3626 1676 3725 eiusque
1735 3626 2058 3725 discipuli
2119 3651 2246 3726 per
2311 3624 2646 3702 decennia
2662 3683 2685 3713 ‚
2756 3625 3071 3725 proxima
3132 3625 3253 3705 illa
3312 3627 3631 3704 omnium

553 3743 828 3821 iurium
895 3755 968 3820 et
1030 3745 1513 3822 institutorum
1585 3771 1830 3836 causa,
1901 3745 2346 3847 persuasione
2406 3746 2525 3820 illa
2576 3746 2973 3835 communi,
3057 3746 3201 3822 sive
3262 3771 3405 3846 qua
3465 3771 3633 3824 voce

567 3889 696 3942 nos
763 3865 876 3940 uti
945 3867 1300 3943 malumus
1316 3925 1339 3955 ,
1401 3892 1528 3942 con
1536 3867 1822 3942 scientia
1881 3867 2161 3966 publica
2225 3865 2537 3941 contenti
2596 3865 2909 3942 fuerunt.
3010 3865 3191 3942 Inde
3246 3873 3487 3942 autem
3536 3867 3629 3944 ab

565 4009 754 4062 anno
824 3985 1038 4061 huius
1111 3985 1368 4062 saeculi
1431 3987 1576 4062 fere
1633 3985 2166 4086 quadragesimo
2211 3985 2427 4060 etiam
2472 3985 2911 4062 remotiorem
2962 4011 3246 4064 causam
3300 3986 3633 4088 indagare

559 4113 638 4180 et
707 4104 1132 4204 investigare
1191 4114 1568 4206 coeperunt
1584 4164 1605 4195 ,
1675 4129 1958 4181 causam
1977 4162 1998 4195 ‚
2069 4129 2214 4204 qua
2267 4105 2387 4180 illa
2436 4103 2771 4180 definitur
2811 4106 3451 4206 determinaturque
3496 4131 3627 4207 pu·

561 4225 746 4302 blica
797 4225 1156 4325 persuasio
1205 4226 1350 4301 sive
1395 4225 1834 4303 conscientia.

659 4345 1111 4422 Conscientia
1171 4351 1398 4423 omnis
1421 4405 1441 4438 ‚
1501 4349 1578 4423 in
1627 4369 1860 4422 rerum
1913 4349 2164 4445 suique
2213 4353 2465 4422 natura
2506 4345 2781 4422 divinae
2832 4345 3206 4421 voluntatis
3252 4335 3621 4420 necessita-

557 4471 703 4541 tem
759 4489 1150 4566 agnoscens
1169 4523 1190 4556 ‚
1263 4492 1351 4542 ex
1417 4491 1501 4543 ea
1545 4491 1778 4542 rerum
1835 4465 2086 4564 suique
2136 4473 2387 4542 natura
2441 4466 2801 4541 materiam
2854 4465 3069 4540 sumit
3111 4470 3613 4563 mutuaturque

563 4609 792 4662 suam.
893 4585 1042 4660 Res
1083 4593 1319 4662 autem
1365 4611 1666 4686 quarum
1711 4593 1964 4662 natura
2005 4585 2425 4662 conscientia
2471 4585 2751 4700 publica
2770 4643 2793 4675 ,
2842 4592 3191 4683 quatenus
3227 4583 3399 4658 iuris
3432 4584 3617 4658 inter

559 4705 886 4781 homines
957 4704 1114 4780 fons
1135 4763 1158 4795 ,
1231 4706 1562 4782 definitur
1629 4716 1705 4784 et
1775 4706 2278 4782 determinatur
2295 4763 2316 4796 ‚
2384 4713 2551 4781 sunt
2613 4705 2791 4780 vitae
2848 4703 3391 4780 necessitudines
3435 4728 3617 4804 quae

559 4825 750 4904 inter
814 4825 1136 4903 homines
1195 4827 1658 4906 intercedunt.
1757 4827 1990 4904 Omne
2047 4826 2238 4904 enim
2286 4825 2403 4902 ius
2450 4823 2812 4902 hominum
2842 4847 3074 4942 'causa
3120 4824 3579 4990 constitutum
3598 4881 3619 4914 ‚

3132 4947 3226 5017 41
