4730 6049
1861 663 2420 731 ORATIO.
2804 671 2899 734 ,⁴
3571 667 3655 746 69

708 870 1008 948 Missam
1073 869 1186 944 hic
1245 868 1420 944 facio
1480 869 1956 967 quaestionem
2017 896 2104 946 an
2155 871 2306 946 iure
2353 896 2618 947 cronno
2670 873 2741 946 in
2792 897 3001 948 causa
3042 872 3381 948 Caecinae
3422 873 3511 946 de
3552 873 3660 948 in-

617 992 887 1070 terdicti
951 989 1295 1066 sententia
1341 989 1834 1088 disputaverit,
1885 1016 2114 1066 nonne
2169 1016 2401 1066 revera
2460 993 2607 1091 ipse
2660 991 2891 1091 potius
2946 1017 2987 1067 a
3041 993 3263 1068 verbis
3310 992 3661 1068 interdicti

618 1111 918 1212 arguerit
936 1170 957 1200 ,
1025 1135 1188 1186 1³1so
1255 1119 1492 1185 contra
1510 1168 1531 1198 ,
1597 1110 1720 1208 qui
1765 1111 2058 1185 Aebutii
2111 1137 2393 1187 causam
2440 1123 2715 1210 ageret,
2784 1141 2822 1181 n
2840 1111 3211 1211 aequitatis
3256 1123 3661 1214 praecepta,

621 1233 1093 1310 sublimiorem
1145 1230 1714 1329 subtilioremque
1749 1230 1918 1305 iuris
1953 1232 2290 1307 rationem
2327 1241 2538 1332 atque
2576 1234 2818 1307 utilem
2856 1243 2927 1308 et
2961 1231 3034 1307 in
3072 1257 3439 1307 commune
3473 1257 3665 1308 com-

616 1355 905 1432 modum
953 1351 1302 1426 interdicti
1347 1350 1776 1425 intellectum
1833 1351 2090 1427 auxilio
2141 1354 2523 1428 vocaverit”
2558 1355 2615 1445 ¹)
2638 1411 2677 1440 ,.
2710 1353 2933 1452 ipsam
2982 1352 3401 1427 defensionis
3454 1353 3660 1432 ratio-

617 1499 774 1550 nem
819 1471 1164 1572 imprimis
1217 1469 1671 1546 animadverti
1713 1470 1885 1546 volo.
1937 1513 2042 1531 --
2076 1472 2441 1546 Eiusmodi
2484 1481 2719 1547 autem
2764 1471 3232 1547 defensionem
3252 1531 3273 1561 ,
3333 1496 3473 1570 qua
3517 1497 3662 1547 ver-⁴

617 1594 790 1668 bum
855 1589 1283 1689 quaerebant
1339 1587 1691 1687 litigantes
1755 1589 1881 1663 ubi
1947 1591 2465 1680 delitescerent,
2536 1592 2882 1667 insolitam
2948 1593 3231 1668 omnino
3281 1617 3421 1668 non
3472 1617 3622 1668 esse
3643 1651 3664 1681 ,

623 1711 894 1811 egregie
958 1708 1339 1784 ostendunt
1400 1709 1697 1814 quaein
1751 1711 1990 1786 eadem
2047 1712 2353 1787 oratione
2404 1713 2513 1788 sui
2558 1714 2888 1812 temporis
2940 1713 3132 1788 ICtis
3187 1736 3449 1787 cronno
3502 1711 3669 1787 vitio

621 1831 842 1906 vertit.
953 1858 990 1899 n
1011 1829 1247 1927 Atque
1301 1827 1523 1916 illud,
1593 1841 1800 1916 1³180,'
1865 1827 1938 1901 in
2005 1837 2148 1904 tota
2211 1829 2609 1905 defensione
2673 1841 2795 1906 tua
2847 1831 3019 1906 mihi
3064 1830 3366 1906 maxime
3412 1829 3668 1906 mirum

625 1949 996 2024 videbatur
1015 2006 1034 2035 ,
1083 1957 1156 2022 te
1201 1947 1428 2022 dicere
1447 2005 1468 2035 ,
1517 1947 1848 2022 ICtorum
1892 1949 2284 2023 auctoritati
2327 1949 2789 2050 obtemperari
2836 1975 2977 2028 non
3020 1959 3355 2050 oportere.
3456 1951 3672 2029 Quod

629 2095 798 2171 ego,
867 2069 1148 2144 tametsi
1211 2092 1350 2142 non
1411 2092 1598 2142 nunc
1653 2067 1961 2166 primum
2023 2093 2250 2167 neque
2300 2070 2374 2142 in
2426 2059 2555 2144 hac
2604 2095 2811 2144 causa
2861 2071 3083 2145 solum
3134 2071 3383 2158 audi0‚
3434 2077 3669 2145 tamen

624 2190 1004 2267 admodum
1069 2187 1408 2276 mirabar,
1479 2187 1606 2261 abs
1670 2196 1740 2260 te
1798 2211 2008 2286 quam
2073 2188 2164 2262 ob
2215 2213 2362 2264 rem
2420 2189 2781 2265 diceretur.
2882 2189 3064 2265 Nam
3112 2190 3323 2264 ceteri
3375 2198 3531 2264 tum
3582 2191 3675 2266 ad

623 2311 830 2385 istam
897 2307 1354 2384 hortationem
1425 2307 1802 2383 decurrunt
1869 2332 2088 2406 quum
2133 2334 2206 2383 se
2267 2310 2336 2384 in
2406 2303 2614 2384 causa
2663 2317 2915 2408 putant
2962 2309 3215 2384 habere
3257 2333 3562 2409 aequum
3606 2317 3680 2384 et

625 2429 888 2505 bonum
916 2487 936 2517 ,
1003 2428 1194 2526 quod
1258 2425 1655 2502 defendant.
1775 2427 1851 2500 Si
1915 2437 2166 2503 contra
2211 2426 2441 2504 verbis
2504 2438 2575 2503 et
2627 2428 2873 2502 litteris
2897 2487 2917 2516 ,
2988 2439 3057 2503 et
3124 2435 3234 2521 (ut
3284 2429 3421 2504 dici
3472 2429 3674 2521 solet)

629 2573 905 2625 summo
961 2549 1112 2622 iure
1171 2545 1650 2622 contenditur:
1725 2547 1947 2622 solent
2013 2549 2355 2644 eiuemodi
2413 2548 2765 2647 iniquitati
2834 2548 3000 2623 boni
3044 2558 3116 2623 et
3164 2550 3373 2648 aequi
3428 2573 3681 2624 nomen

629 2669 1184 2768 dignitatemque
1241 2691 1608 2766 opponere.
1707 2669 1891 2742 Tum
1949 2669 2164 2756 illud,
2235 2669 2425 2767 quod
2488 2668 2781 2755 dicitur,
2849 2691 3015 2742 srvn
3080 2691 3318 2764 mvn„
3348 2669 3679 2745 irrident:

631 2800 784 2864 tum
843 2787 1144 2888 aucupia
1207 2787 1576 2862 verborum
1636 2793 1710 2860 et
1769 2785 2152 2862 litterarum
2214 2787 2601 2863 tendiculas
2668 2786 2741 2860 in
2789 2785 3133 2861 ,invidiam
3182 2795 3426 2862 vocant
3446 2821 3487 2882 :-
3526 2795 3683 2862 tum

631 2908 1092 2983 vociferantur
1149 2931 1234 2981 ex
1293 2931 1516 3004 aequo
1577 2913 1648 2982 et
1712 2906 1931 2995 bone,
1993 2931 2133 2982 non
2185 2931 2273 2980 ex
2319 2906 2567 2980 callido
2618 2913 3031 3005 versutoque
3074 2907 3263 2996 iure,
3312 2931 3459 2981 rem
3504 2906 3687 2982 iudi-

636 3029 776 3105 cari
821 3038 1168 3128 oportere:
1243 3028 1575 3127 scriptum
1641 3028 1840 3127 sequi
1897 3027 2413 3103 calumniatoris
2462 3052 2647 3115 esse3
2715 3027 2883 3101 boni
2923 3009 3211 3117 iudicis,
3266 3027 3691 3104 voluntatem

637 3149 984 3249 scriptoris
1057 3150 1678 3247 auctoritatemque
1745 3147 2160 3223 defendere''
2204 3150 2295 3240 2).
2398 3147 2669 3247 Operae
2726 3148 3029 3246 pretium
3074 3148 3285 3223 etiam
3330 3158 3437 3221 est
3483 3147 3689 3222 remi-

636 3270 810 3344 nisci
869 3268 1048 3367 quae
1089 3269 1178 3343 de
1217 3268 1460 3343 eodem
1513 3268 1642 3343 hoc
1695 3267 2100 3367 disputandi
2151 3292 2340 3343 more
2389 3267 2615 3342 fusius
2662 3266 2851 3341 idem
2902 3268 3223 3366 exposuit
3263 3268 3335 3340 in
3382 3267 3559 3340 libro
3607 3269 3692 3341 de

633 3391 1038 3464 Inventione
1056 3447 1077 3477 ,
1139 3388 1266 3463 ubi
1328 3387 1416 3462 de
1479 3388 1935 3465 controversia
1995 3413 2210 3488 agens
2271 3412 2452 3487 quae
2513 3413 2599 3461 ex
2656 3388 3045 3487 scriptionis
3092 3409 3345 3486 genere
3364 3444 3383 3473 ‚
3436 3385 3523 3459 de
3573 3384 3691 3459 illa

635 3508 978 3609 imprimis
1038 3534 1218 3607 quae
1275 3534 1358 3583 ex
1427 3509 1680 3608 scripto
1737 3516 1809 3583 et
1854 3510 2195 3583 sententia
2244 3508 2501 3597 oritur,
2558 3516 2790 3607 partes
2839 3508 3189 3605 utrimque
3241 3505 3549 3605 agendas
3590 3505 3691 3579 ita

640 3628 938 3728 explicat
997 3637 1079 3702 ut
1156 3628 1262 3701 vel
1330 3628 1676 3727 hodieque
1739 3629 1812 3702 in
1880 3628 2154 3703 i‘udiciis
2219 3628 2461 3704 eadem
2534 3628 2817 3701 omnino
2875 3626 3154 3715 audias;
3227 3625 3300 3699 in
3359 3624 3691 3699 ICtorum

643 3748 916 3848 scriptis
961 3772 1138 3823 nova
1185 3747 1442 3823 frustra
1490 3772 1800 3847 quaeras.

739 3870 990 3968 Itaque
1049 3868 1109 3941 si
1166 3867 1398 3966 ipsum
1461 3867 1638 3941 illud
1673 3864 2195 3965 «interpretandi
2253 3865 2673 3964 principium
2735 3865 2823 3940 de
2868 3890 3010 3964 quo
3051 3865 3364 3964 agimus,
3417 3864 3691 3964 saepius

643 3995 1125 4091 oppugnatum
1149 4046 1169 4076 ,
1233 3986 1324 4061 ab
1395 3986 1505 4061 his
1566 3986 1708 4061 vim
1775 3986 1878 4061 illi
1937 3986 2350 4084 denegatam
2372 4043 2392 4074 ,
2462 3985 2553 4061 ab
2598 3984 2751 4059 aliis
2804 3986 3057 4060 iterum
3109 3985 3502 4084 iterumque
3546 3985 3697 4059 eius

521 4192 536 4205 ,
643 4110 806 4185 usui
875 4108 1338 4183 detrectatum
1403 4132 1555 4182 esse
1619 4115 1943 4206 apparet,
2011 4106 2267 4181 mirum
2327 4105 2634 4204 profecto
2687 4104 2903 4180 videri
2955 4105 3237 4204 nequit,
3296 4112 3369 4178 et
3412 4128 3697 4178 cnnsun

645 4228 906 4304 Ictum
963 4226 1140 4301 illud
1203 4226 1276 4300 in
1338 4227 1618 4302 brevem
1681 4226 1992 4327 regulam
2015 4286 2035 4315 ,
2109 4226 2213 4300 uti
2256 4225 2571 4301 solebant
2618 4226 2811 4314 lCti,
2877 4224 3245 4300 coniecisse
3291 4223 3617 4320 idemque
3654 4246 3698 4295 a

645 4370 1078 4425 ws'rmmno
1149 4371 1300 4421 esse
1358 4355 1716 4446 receptum
1736 4406 1757 4436 ,
1817 4372 1956 4445 quo
2015 4344 2272 4421 certius
2335 4346 2425 4419 de
2482 4345 2600 4419 illo
2664 4352 3046 4434 constaret,
3112 4367 3252 4442 quo
3296 4340 3703 4439 diligentius

645 4469 856 4543 etiam
907 4492 950 4541 a
999 4466 1194 4541 lctis
1240 4473 1611 4543 teneretur.
2321 4452 2332 4459 ⁶

729 4742 781 4813 ¹)
823 4736 1105 4808 Kmsn,
1149 4740 1476 4816 Senem-ia,
1515 4760 1572 4821 p.
1617 4742 1756 4804 887.

729 4830 785 4914 ²)
825 4832 964 4915 Cap.
1001 4834 1224 4897 xxm.
