4730 6049
1861 680 2422 750 ORATIO.
3375 673 3380 678 ’
3547 681 3682 754 335

622 895 723 970 vis
775 893 1084 994 prudens
1128 892 1465 993 quisque,
1516 915 1699 992 quae
1742 891 2001 992 possit,
2052 889 2259 969 faciat
2300 897 2384 966 ut
2427 897 2718 966 naturae
2751 890 2928 967 istae
2973 890 3440 968 aberrationes
3477 915 3679 990 prae-

619 1021 973 1090 vertentur
1040 1020 1165 1090 aut
1232 1012 1685 1111 corrigantur.
1790 1013 1905 1088 Sic
1968 1012 2179 1088 etiam
2226 1012 2299 1086 in
2350 1013 2492 1088 vita
2547 1011 2780 1087 sociali
2825 1019 2896 1086 et
2941 1012 3124 1088 civili
3167 1021 3676 1102 monstrorum,

617 1133 967 1212 servitutis
1002 1159 1064 1212 e.
1103 1160 1172 1233 g.
1196 1191 1217 1222 ,
1260 1133 1513 1208 melius
1548 1132 1963 1232 perspicitur
1994 1140 2243 1208 natura
2262 1191 2283 1222 ,
2324 1132 2478 1207 iure
2516 1132 2816 1208 naturali
2848 1132 3028 1210 bene
3065 1133 3361 1210 exculto.
3419 1133 3680 1210 Subest

616 1261 687 1330 et
734 1253 1031 1330 servitus
1082 1251 1577 1329 communibus
1608 1251 2033 1352 quibusdam
2062 1252 2374 1352 legibus,
2417 1261 2489 1328 et
2519 1252 2594 1326 in
2625 1260 2972 1330 structura
3001 1263 3072 1329 et
3097 1263 3346 1330 natura
3383 1253 3678 1332 aliorum

612 1372 872 1450 iurium
912 1373 1119 1450 refert
1164 1373 1713 1448 similitudinem.
1814 1371 2341 1449 Aberrationem
2384 1372 2560 1450 hanc
2600 1398 2642 1448 a
2679 1375 2980 1450 naturali
3027 1376 3204 1451 vitae
3248 1375 3468 1450 civilis
3509 1399 3672 1451 con·

612 1491 877 1570 ditione
922 1501 996 1568 et
1044 1501 1235 1568 statu
1283 1494 1591 1594 prudens
1635 1493 1933 1592 quisque
1988 1493 2386 1594 praevenire
2429 1503 2500 1568 et
2541 1494 2877 1593 corrigere
2928 1501 3130 1570 caute
3185 1493 3572 1570 conabitur.

708 1613 1151 1690 Medicorum
1214 1615 1383 1690 artis
1438 1613 1813 1690 auctoritas
1872 1613 2167 1688 debetur
2220 1622 2580 1690 accuratae
2623 1613 3085 1690 observationi
3129 1621 3200 1689 et
3243 1614 3676 1716 indagationi

613 1735 931 1810 omnium
993 1759 1225 1810 rerum
1245 1793 1265 1825 ,
1332 1735 1651 1810 omnium
1716 1733 2187 1810 membrorum
2210 1793 2231 1824 ,
2280 1735 2598 1812 omnium
2654 1733 2904 1810 virium
2949 1743 3020 1810 et
3063 1734 3462 1812 effectuum.
3561 1737 3674 1812 Ex

612 1853 721 1932 his
766 1855 1043 1956 regulas
1082 1854 1436 1945 derivant,
1484 1879 1625 1930 non
1667 1855 1837 1931 haec
1882 1855 1975 1931 ad
2028 1863 2558 1953 praeconceptae
2607 1855 2968 1954 opiniones
3015 1855 3330 1956 exigunt.
3401 1855 3672 1932 Eadem

610 1972 817 2050 nobis
888 1973 1403 2073 procedendum
1476 1973 1607 2048 via.
1708 1975 1871 2050 Non
1918 2000 1959 2048 e
2009 1973 2452 2074 generalibus
2499 1974 2857 2074 principiis
2903 1975 3370 2075 undecunque
3421 1977 3674 2052 sumtis

612 2093 1187 2194 proficiscendum
1206 2151 1227 2182 ,
1293 2094 1419 2169 sed
1468 2117 1701 2170 rerum
1752 2101 2003 2170 natura
2061 2094 2546 2194 perlustranda
2567 2153 2588 2184 ,
2643 2095 2958 2195 singulae
3000 2095 3180 2171 vitae
3221 2095 3670 2172 necessitudi-

612 2237 735 2290 nes
780 2213 1305 2314 investigandae
1322 2271 1343 2304 ‚
1392 2239 1480 2290 ex
1526 2215 1755 2314 iisque
1802 2221 2079 2290 nostrae
2130 2215 2636 2315 depromendae
2683 2215 2854 2292 artis
2901 2217 3202 2318 regulae.

706 2693 959 2770 Edicto
994 2717 1137 2793 quo
1179 2693 1598 2770 Academiae
1642 2699 1983 2794 reguntur
2038 2699 2313 2768 nostrae
2368 2701 2496 2768 art.
2551 2696 2691 2770 251
2745 2693 3070 2784 iubetur,
3127 2701 3211 2769 ut
3253 2693 3672 2772 Academiae

610 2828 885 2892 nostrae
955 2839 1079 2915 per
1134 2813 1585 2913 praeteritum
1642 2813 1783 2890 iam
1841 2837 2105 2889 annum
2149 2812 2476 2888 historiae
2526 2822 2975 2914 conspectum
3034 2813 3234 2888 vobis
3281 2813 3668 2892 exhibeam.

608 2936 973 3028 Quomodo
1026 2933 1277 3035 longus
1332 2959 1485 3010 esse
1531 2934 1793 3036 possim
1834 2957 1972 3010 non
2020 2933 2241 3008 video.
2344 2934 2508 3010 Non
2559 2934 3022 3036 professorum
3067 2934 3192 3010 sed
3235 2934 3628 3011 academiae
3647 2993 3668 3027 ‚

610 3056 897 3133 historia
944 3080 1087 3133 non
1127 3056 1271 3133 fata
1290 3114 1310 3145 ,
1364 3064 1532 3133 sunt
1580 3056 2025 3156 exponenda,
2077 3036 2292 3155 idque
2342 3055 2644 3131 breviter
2691 3080 2830 3134 non
2879 3058 3034 3135 fuse
3081 3058 3381 3157 lateque.
3485 3055 3673 3131 Con-

612 3185 931 3278 spectum
984 3184 1260 3253 tantum
1310 3201 1429 3252 vos
1480 3185 1559 3253 ut
1607 3175 1921 3252 habeatis
1976 3176 2441 3253 efficiendum.

708 3296 937 3373 Suum
986 3322 1095 3371 res
1142 3304 1523 3373 tenuerunt
1570 3320 1879 3373 cursum.

706 3417 810 3491 Ut
850 3414 1073 3493 solent
1114 3423 1395 3493 strenue
1434 3400 1511 3492 et
1551 3418 1923 3517 diligenter
1954 3416 2378 3493 Academiae
2409 3416 2792 3491 commodis
2825 3414 3254 3516 prospiciunt
3277 3416 3668 3491 Curatores.

606 3538 763 3613 Nos
812 3561 1055 3614 omnes
1101 3536 1517 3637 professores
1558 3546 1633 3613 et
1682 3537 2005 3613 alumnos
2052 3534 2516 3612 sollicitudine
2559 3537 3118 3637 complectuntur
3165 3560 3312 3611 sua.
3401 3536 3678 3611 Acade-³

606 3658 791 3735 miae
854 3657 1401 3735 instrumentum
1466 3682 1605 3734 non
1682 3664 1955 3733 tantum
2018 3666 2099 3731 ut
2148 3656 2418 3733 salvum
2460 3664 2537 3731 et
2583 3656 2934 3757 integrum
2981 3656 3236 3731 servari
3283 3655 3406 3731 sed
3457 3654 3670 3731 etiam

612 3778 1019 3879 amplificari
1068 3779 1295 3878 possit
1342 3785 1611 3856 curant.

708 3901 875 3978 Qua
932 3906 1117 3975 certe
1186 3898 1399 3975 etiam
1462 3898 1535 3973 in
1603 3924 1715 3988 re,
1776 3922 1916 3973 non
1978 3897 2205 3973 solum
2254 3896 2327 3971 in
2377 3896 2924 3973 administranda
2973 3895 3324 3997 provincia
3369 3894 3668 3970 Gronin·

502 3994 521 4013 ⁰
616 4044 799 4120 gana
818 4078 839 4109 ,
888 4020 1137 4096 merita
1170 4028 1295 4095 tua
1314 4078 1333 4108 ,
1374 4018 1825 4119 Amplissime
1864 4040 2009 4092 van
2056 4018 2329 4093 nomn!
2383 4018 2538 4091 Rex
2567 4016 2849 4117 agnovit
2887 4015 3469 4115 augustissimus,
3507 4038 3674 4091 cum

611 4148 683 4215 te
754 4140 1043 4215 Ordinis
1112 4138 1609 4215 Nederlandioi
1676 4140 1895 4215 leonis
1954 4138 2353 4239 insignibus
2423 4146 2718 4214 ornaret.
2821 4136 3052 4237 Igitur
3103 4145 3176 4212 et
3225 4162 3352 4212 nos
3401 4134 3532 4211 tibi
3581 4134 3670 4211 de
3759 4152 3768 4161 ·

608 4267 897 4359 aoccpto
936 4260 1397 4360 congratulati
1440 4286 1685 4337 sumus
1729 4260 1985 4335 honore
2004 4319 2024 4348 ‚
2072 4284 2237 4335 cum
2280 4258 2552 4333 civibus
2589 4259 2734 4333 fere
2769 4256 3096 4333 omnibus
3137 4250 3504 4343 mirantes,
3543 4277 3670 4329 cur

607 4402 799 4456 nunc
867 4380 1155 4457 demum
1220 4380 1353 4455 tibi
1422 4381 1592 4457 haec
1642 4380 2115 4457 tribuerentur
2180 4380 2484 4479 insignia
2502 4438 2525 4468 ,
2573 4404 2700 4455 cur
2747 4378 3016 4455 tamdiu
3061 4376 3202 4451 fere
3255 4378 3443 4452 solus
3485 4374 3668 4451 inter

611 4500 909 4601 collegas
950 4501 1285 4579 manseris
1328 4526 1467 4579 uon
1510 4500 1893 4577 decoratus.

708 4622 819 4695 Ex
870 4620 1345 4697 Professor-um
1400 4620 1643 4699 ordine
1695 4644 1900 4697 nemo
1954 4644 2092 4697 non
2144 4644 2406 4697 munus
2457 4644 2668 4695 suum
2715 4618 2908 4694 obire
2959 4625 3030 4693 et
3081 4613 3368 4715 exsequi
3411 4611 3662 4715 potuit.

610 4740 829 4817 Multi
877 4740 1166 4842 quidem
1216 4742 1484 4843 experti
1532 4766 1775 4822 sumus
1825 4740 2014 4842 quod
2060 4740 2159 4817 ait
2205 4747 2444 4839 poeta:

1464 4877 1643 4940 Arida
1677 4880 2004 4957 languentes
2043 4876 2215 4939 febris
2254 4875 2564 4958 depascitur
2601 4881 2770 4938 artus.
