4730 6049
1102 599 1205 668 ‚6³6
1772 609 1799 640 ⁶
1850 621 1861 634 ·
2194 601 2363 670 VAN
2409 601 2794 672 BONEVAL
2843 605 3114 673 FAURE

1277 836 1313 877 n
1334 805 1525 886 Scire
1568 807 1757 906 leges
1810 831 1951 884 non
2016 807 2147 886 hoc
2206 816 2317 885 est
2376 809 2582 888 verba
2635 836 2876 888 earum
2921 821 3154 890 tenere
3209 813 3334 890 sed
3381 813 3518 888 vim
3563 839 3648 890 ac
3695 817 4180 913 potestatem?

1122 903 1323 1008 Quid
1382 927 1517 1002 sibi
1579 927 1729 1002 vult
1787 927 1995 1004 hocce
2058 939 2546 1030 praeceptum,
2611 957 2792 1030 quae
2853 957 3099 1023 causa,
3165 957 3290 1008 cur
3341 933 3416 1008 in
3484 934 3782 1069 Digesta
3827 943 4179 1032 receptum

1119 1047 1241 1135 sit,
1292 1054 1651 1146 tamquam
1700 1071 1945 1122 norma
1990 1048 2580 1149 interpretationis
2631 1052 2722 1128 ab
2772 1053 3104 1128 omnibus
3153 1053 3588 1130 observanda
3643 1054 3769 1153 qui
3821 1054 4097 1153 legibus
4141 1080 4182 1130 a

1115 1191 1545 1246 memmium
1592 1168 1749 1244 latis
1796 1173 2247 1269 regerentur?

1217 1289 1525 1388 Simplex
1586 1289 1893 1388 profecto
1958 1297 2031 1364 et
2093 1290 2237 1366 fere
2300 1291 2736 1389 superfluum
2795 1299 3244 1391 praeceptum
3312 1292 3588 1368 videtur
3647 1317 3800 1392 quo
3845 1293 4180 1392 interpres

1114 1409 1527 1488 admonetur
1572 1433 1663 1484 ne
1717 1409 1925 1485 verba
1982 1411 2127 1486 sola
2170 1411 2345 1511 legis
2387 1411 2710 1511 inspiciat
2753 1437 2994 1486 verum
3041 1413 3456 1488 sententiam
3507 1412 3725 1487 etiam
3771 1412 4178 1511 legislatoris

1112 1529 1467 1628 exquirat,
1512 1529 1587 1602 in
1632 1529 1857 1606 verbis
1910 1555 2000 1606 ne
2044 1530 2343 1606 haereat
2373 1531 2497 1606 sed
2541 1539 2844 1608 mentem
2893 1541 3255 1631 expromat
3302 1555 3446 1630 qua
3491 1531 3704 1608 verba
3747 1532 3866 1606 illa
3907 1533 4176 1632 legisla-

1110 1657 1220 1726 tor
1265 1631 1580 1726 edixefft.
1678 1648 2335 1739 verumenimvero,
2387 1675 2620 1726 nonne
2669 1652 2822 1750 ipsa
2876 1651 3084 1727 verba
3139 1650 3514 1750 legislatori
3563 1652 3712 1726 sola
3763 1660 3932 1727 sunt
3981 1651 4178 1751 signa

1108 1769 1367 1867 quibus
1418 1769 1846 1844 voluntatem
1894 1769 2230 1858 declaret,
2284 1787 2516 1846 nonne
2573 1771 2736 1845 solis
2779 1770 2918 1844 illis
2965 1769 3192 1846 verbis
3241 1769 3660 1846 sententiam
3711 1796 3908 1846 suam
3951 1773 4174 1871 expri·
4276 1821 4284 1832 ·

1104 1913 1295 1966 mere
1358 1889 1635 1987 potest?
1727 1888 1845 1962 An
1914 1911 2073 1962 vero
2140 1888 2353 1964 etiam
2417 1889 2506 1964 de
2575 1889 2964 1989 legislatore
3035 1889 3263 1988 deque
3327 1912 3738 1965 rus'rrmnu
3799 1891 3907 1966 vel
3967 1913 4175 1970 cnr-81

1106 2007 1353 2086 saltem
1400 2015 1709 2106 tempore
1752 2007 1932 2082 valet
1976 2007 2185 2082 illud:
2242 2008 2472 2082 verbis
2516 2009 2833 2084 homines
2880 2008 3020 2096 uti,
3073 2018 3155 2082 ut
3199 1995 3642 2084 dissimulent
3685 2010 3920 2110 potius
3959 2035 4174 2110 quam

1106 2135 1187 2204 ut
1236 2127 1473 2203 dicant
1534 2153 1715 2225 quae
1772 2127 2134 2204 sentiant?
2208 2129 2374 2202 Non
2431 2128 2842 2203 crediderim
2862 2187 2882 2216 ,
2939 2129 3136 2204 AA·.!
3223 2129 3563 2229 Agnoscit
3607 2129 3824 2204 ICtus
3869 2138 4172 2228 potesta-

1102 2255 1247 2322 tem
1313 2246 1716 2335 verborum;
1788 2246 1997 2322 verba
2062 2248 2376 2346 agnoscit
2445 2248 2730 2324 omnino
2791 2258 3154 2346 tamquam
3225 2249 3431 2348 signa
3502 2248 3766 2347 quibus
3823 2249 4174 2348 legislator

1032 2435 1037 2440 ,
1102 2366 1529 2442 voluntatem
1596 2391 1795 2440 suam
1859 2366 2349 2456 declaraverit3
2430 2353 2579 2442 sine
2655 2367 2880 2442 verbis
2949 2368 3136 2442 enim
3207 2368 3530 2444 voluntas
3599 2367 4010 2466 legislatoris
4079 2367 4169 2444 ad

1100 2486 1419 2564 notitiam
1466 2509 1707 2560 eorum
1752 2487 1877 2584 qui
1934 2486 2035 2562 illi
2080 2486 2564 2587 obtemperent
2609 2488 2964 2588 pervenire
3003 2488 3292 2587 nequit;
3347 2489 3472 2564 sed
3523 2487 3739 2587 probe
3786 2487 3998 2562 etiam
4041 2485 4169 2562 scit

1101 2605 1309 2681 verba
1356 2631 1494 2718 non
1544 2606 1681 2681 nisi
1724 2609 1922 2706 siqua
1968 2631 2119 2682 esse
2170 2633 2412 2683 eorum
2463 2635 2642 2707 quae
2689 2616 2926 2682 mente
2973 2633 3100 2683 sua
3147 2608 3500 2706 legislator
3539 2607 3960 2706 conceperit,
4013 2606 4163 2704 qui·

1096 2725 1233 2800 bus
1290 2713 1691 2826 saepissime
1758 2727 1923 2802 satis
1984 2727 2391 2826 imperfecte
2454 2728 2678 2828 ipsius
2736 2727 3082 2803 sententia
3135 2729 3546 2828 exprimitur
3611 2751 3969 2862 quaeque,
4033 2725 4163 2800 etsi

1096 2871 1259 2924 cum
1301 2855 1535 2920 mente
1578 2847 2023 2934 conveniant,
2070 2855 2227 2922 tum
2280 2848 2570 2925 demum
2615 2857 2802 2924 recte
2849 2847 3382 2948 intelliguntur,
3431 2873 3654 2957 quum
3697 2847 3918 2922 abiis
3953 2845 4160 2920 etiam

1094 2967 1187 3045 ad
1235 2991 1411 3065 quos
1452 2966 1639 3042 dicta
1680 2974 1845 3041 sunt
1883 2965 2128 3042 eodem
2176 2991 2387 3044 sensu
2433 2970 2886 3069 accipiuntur.

1196 3086 1394 3165 Quid
1432 3086 1701 3184 igitur?
1768 3084 2001 3160 Verba
2044 3094 2207 3161 ante
2254 3090 2490 3165 omnia
2531 3090 2960 3189 inspicienda
3003 3096 3168 3183 sunt
3215 3096 3294 3185 ut
3339 3088 3430 3162 de
3471 3085 3883 3187 legislatoris
3919 3084 4156 3177 volan·

1093 3213 1239 3281 tate
1296 3214 1599 3295 constet;
1672 3206 1781 3279 his
1838 3205 2265 3283 voluntatem
2322 3233 2522 3285 suam
2567 3210 2901 3299 declarat;
2972 3208 3223 3307 quodsi
3271 3232 3434 3283 cum
3482 3207 3708 3281 verbis
3755 3231 3956 3281 mens
3995 3229 4152 3280 con·

1096 3326 1349 3426 spirat,
1426 3352 1469 3403 a
1531 3325 1755 3401 verbis
1814 3326 2134 3401 recedere
2194 3326 2414 3403 nefas,
2513 3328 2764 3426 Itaque
2837 3327 2898 3401 si
2968 3324 3370 3401 verborum·
3411 3323 3822 3423 significatio
3885 3323 3985 3397 ita
4049 3330 4156 3397 est

1092 3445 1379 3521 definita
1443 3454 1523 3521 ut
1586 3446 1869 3521 unicum
1932 3447 2143 3521 modo
2210 3472 2494 3523 sensum
2562 3448 2974 3535 admittant,
3048 3470 3188 3519 non
3245 3452 3478 3544 potest
3525 3445 3698 3543 quin
3747 3443 4152 3543 legislatoris

1088 3566 1407 3643 voluntas
1472 3567 1578 3642 his
1638 3575 2099 3641 consentanea
2159 3590 2295 3641 non
2353 3566 2490 3641 alia
2541 3566 2756 3643 fuisse
2819 3574 3182 3641 censeatur
3191 3598 3210 3653 ;
3283 3563 3390 3639 sin
3447 3588 3606 3639 vero
3651 3564 3884 3641 minus
3904 3622 3924 3651 ,
3981 3562 4152 3637 adeo

1090 3692 1172 3760 ut
1211 3732 1310 3747 -
1350 3687 1585 3761 invitis
1628 3686 1789 3761 licet
1834 3686 2295 3762 severioribus
2341 3662 2828 3786 grammatices
2871 3686 2982 3761 vel
3025 3685 3282 3785 logices
3321 3684 3583 3783 regulis
3625 3726 3720 3745 -
3765 3684 3900 3759 alio
3925 3708 4147 3757 sensu

1087 3805 1437 3903 legislator
1496 3806 1632 3879 illis
1692 3807 1791 3879 uti
1859 3807 2201 3905 potuerit,
2274 3830 2360 3879 ex
2426 3816 2660 3881 mente
2714 3806 3032 3881 voluntas
3073 3804 3574 3904 cognoscenda.
3675 3806 3922 3883 Quum
3965 3804 4146 3879 enim

1090 3924 1195 3998 vis
1246 3950 1327 3999 ac
1373 3931 1679 4023 potestas
1724 3926 1899 4023 legis
1948 3927 2021 3999 in
2072 3926 2418 4002 sententia
2463 3928 2596 4001 sita
2633 3927 2763 4015 sit,
2815 3950 2899 4000 ex
2937 3933 3172 3999 mente
3218 3934 3389 3999 tunc
3435 3924 3778 4024 imprimis
3831 3924 4143 3999 voluntas

1090 4044 1497 4143 legislatoris
1538 4044 1871 4119 elicienda
1912 4054 2039 4133 est.
2142 4047 2432 4145 Semper
2487 4047 2703 4145 igitur
2747 4053 2826 4121 ut
2873 4046 3300 4120 voluntatem
3344 4044 3754 4145 legislatoris
3803 4044 4136 4143 intelliga-

1086 4186 1289 4253 mus,
1356 4175 1428 4238 et
1484 4162 1615 4237 rite
1672 4164 2244 4263 interpretemur,
2316 4167 2390 4239 in
2457 4166 2666 4241 verba
2735 4174 2806 4241 et
2869 4172 3172 4240 mentem
3232 4164 3406 4264 legis
3463 4164 3956 4263 inquirendum
3999 4171 4140 4250 ent,

1087 4283 1229 4358 sive
1278 4282 1645 4357 verborum
1694 4284 2049 4357 definitam
2114 4284 2692 4383 significationem
2751 4285 2956 4384 eique
3005 4285 3388 4359 necessario
3437 4308 3817 4384 congruam
3874 4283 4138 4383 legisla-

1082 4404 1252 4478 toris
1314 4403 1737 4478 voluntatem
1806 4403 2061 4477 mentis
2142 4404 2539 4503 disquisitio
2599 4404 2847 4503 probet
2893 4412 3104 4503 atque
3155 4404 3516 4479 confirmet
3534 4462 3556 4491 ,
3609 4403 3754 4477 sive
3805 4401 4142 4477 sententia

996 4574 1007 4577 -
1083 4523 1257 4623 legis
1304 4524 1392 4599 de
1442 4548 1601 4598 vera
1642 4523 1997 4598 voluntate
2044 4523 2466 4622 pronuntiet.
3458 4593 3462 4597 .

1184 4643 1401 4722 Quod
1448 4644 1797 4743 quomodo
1846 4643 2155 4743 apertius
2172 4702 2194 4732 ,
2246 4643 2597 4742 quomodo
2636 4642 2914 4717 brevius
2953 4642 3248 4741 exprimi
3295 4644 3528 4741 potuit
3573 4666 3784 4740 quam
3829 4641 3982 4740 ipsa
4023 4639 4140 4714 illa

1086 4762 1327 4861 regula
1371 4786 1607 4839 enisi:
1682 4794 1719 4834 ιι
1744 4763 1915 4839 scire
1972 4763 2171 4862 leges
2232 4786 2377 4837 non
2445 4763 2574 4838 hoc
2637 4788 2788 4837 esse
2840 4763 3048 4839 verba
3103 4786 3340 4838 earum
3402 4772 3636 4838 tenere
3699 4762 3822 4837 sed
3873 4760 4010 4834 vim
4059 4784 4138 4834 ac
