<?xml version="1.0" encoding="UTF-8"?>
<!DOCTYPE html PUBLIC "-//W3C//DTD XHTML 1.0 Transitional//EN"
    "http://www.w3.org/TR/xhtml1/DTD/xhtml1-transitional.dtd">
<html xmlns="http://www.w3.org/1999/xhtml" xml:lang="en" lang="en">
 <head>
  <title>
</title>
<meta http-equiv="Content-Type" content="text/html;charset=utf-8" />
  <meta name='ocr-system' content='tesseract 3.04.00' />
  <meta name='ocr-capabilities' content='ocr_page ocr_carea ocr_par ocr_line ocrx_word'/>
</head>
<body>
  <div class='ocr_page' id='page_1' title='image "annalesacademic01confgoog_0088.png"; bbox 0 0 4730 6049; ppageno 0'>
   <div class='ocr_carea' id='block_1_1' title="bbox 1098 660 3068 733">
    <p class='ocr_par' dir='ltr' id='par_1_1' title="bbox 1098 660 3068 733">
     <span class='ocr_line' id='line_1_1' title="bbox 1098 660 3068 733; baseline 0.001 -4"><span class='ocrx_word' id='word_1_1' title='bbox 1098 660 1188 731; x_wconf 73' lang='lat'><strong>78</strong></span> <span class='ocrx_word' id='word_1_2' title='bbox 2156 662 2327 733; x_wconf 74' lang='lat' dir='ltr'><strong>VAN</strong></span> <span class='ocrx_word' id='word_1_3' title='bbox 2373 663 2754 733; x_wconf 75' lang='lat' dir='ltr'><strong>BONEVAL</strong></span> <span class='ocrx_word' id='word_1_4' title='bbox 2799 662 3068 732; x_wconf 75' lang='lat' dir='ltr'>FAURE</span> 
     </span>
    </p>
   </div>
   <div class='ocr_carea' id='block_1_2' title="bbox 1092 867 4159 4927">
    <p class='ocr_par' dir='ltr' id='par_1_2' title="bbox 1092 867 4155 2767">
     <span class='ocr_line' id='line_1_2' title="bbox 1094 867 4144 971; baseline 0 -27"><span class='ocrx_word' id='word_1_5' title='bbox 1094 870 1379 945; x_wconf 72' lang='lat' dir='ltr'><strong>versarii</strong></span> <span class='ocrx_word' id='word_1_6' title='bbox 1391 902 1413 960; x_wconf 76' lang='grc' dir='ltr'><strong><em>ς</em></strong></span> <span class='ocrx_word' id='word_1_7' title='bbox 1462 874 1795 947; x_wconf 76' lang='lat' dir='ltr'><strong>rationem</strong></span> <span class='ocrx_word' id='word_1_8' title='bbox 1832 870 2007 971; x_wconf 89' lang='lat' dir='ltr'><strong>legis</strong></span> <span class='ocrx_word' id='word_1_9' title='bbox 2040 870 2541 971; x_wconf 83' lang='lat' dir='ltr'><strong>exquirendam</strong></span> <span class='ocrx_word' id='word_1_10' title='bbox 2577 896 2730 949; x_wconf 85' lang='lat' dir='ltr'><strong>esse</strong></span> <span class='ocrx_word' id='word_1_11' title='bbox 2767 872 3054 961; x_wconf 84' lang='lat' dir='ltr'><strong>docent;</strong></span> <span class='ocrx_word' id='word_1_12' title='bbox 3103 870 3230 945; x_wconf 85' lang='lat' dir='ltr'><strong>has</strong></span> <span class='ocrx_word' id='word_1_13' title='bbox 3267 870 3530 971; x_wconf 82' lang='lat' dir='ltr'><strong>logicae</strong></span> <span class='ocrx_word' id='word_1_14' title='bbox 3555 867 4144 969; x_wconf 73' lang='lat' dir='ltr'><strong>interpretationis</strong></span> 
     </span>
     <span class='ocr_line' id='line_1_3' title="bbox 1093 989 4144 1091; baseline 0 -26"><span class='ocrx_word' id='word_1_15' title='bbox 1093 1012 1251 1065; x_wconf 83' lang='lat' dir='ltr'><strong>esse</strong></span> <span class='ocrx_word' id='word_1_16' title='bbox 1292 998 1544 1091; x_wconf 83' lang='lat' dir='ltr'><strong>partes.</strong></span> <span class='ocrx_word' id='word_1_17' title='bbox 1641 992 1741 1067; x_wconf 86' lang='lat' dir='ltr'><strong>At</strong></span> <span class='ocrx_word' id='word_1_18' title='bbox 1792 989 2051 1067; x_wconf 82' lang='lat' dir='ltr'><strong>auxilia</strong></span> <span class='ocrx_word' id='word_1_19' title='bbox 2104 990 2364 1091; x_wconf 87' lang='lat' dir='ltr'><strong>quibus</strong></span> <span class='ocrx_word' id='word_1_20' title='bbox 2409 992 2756 1068; x_wconf 85' lang='lat' dir='ltr'><strong>utendum</strong></span> <span class='ocrx_word' id='word_1_21' title='bbox 2801 1014 2952 1067; x_wconf 86' lang='lat' dir='ltr'><strong>esse</strong></span> <span class='ocrx_word' id='word_1_22' title='bbox 2997 996 3283 1067; x_wconf 83' lang='lat' dir='ltr'><strong>censent</strong></span> <span class='ocrx_word' id='word_1_23' title='bbox 3327 990 3812 1067; x_wconf 79' lang='lat' dir='ltr'><strong>consideretis!</strong></span> <span class='ocrx_word' id='word_1_24' title='bbox 3896 990 4144 1068; x_wconf 73' lang='lat' dir='ltr'><strong>Quum</strong></span> 
     </span>
     <span class='ocr_line' id='line_1_4' title="bbox 1096 1100 4147 1210; baseline 0 -27"><span class='ocrx_word' id='word_1_25' title='bbox 1096 1110 1211 1184; x_wconf 88' lang='lat' dir='ltr'><strong>lex</strong></span> <span class='ocrx_word' id='word_1_26' title='bbox 1282 1110 1427 1186; x_wconf 88' lang='lat' dir='ltr'><strong>sola</strong></span> <span class='ocrx_word' id='word_1_27' title='bbox 1486 1110 1751 1210; x_wconf 88' lang='lat' dir='ltr'><strong>obliget</strong></span> <span class='ocrx_word' id='word_1_28' title='bbox 1769 1168 1790 1200; x_wconf 91' lang='lat'>,</span> <span class='ocrx_word' id='word_1_29' title='bbox 1832 1100 1999 1187; x_wconf 68' lang='lat' dir='ltr'><strong>&#39;sola</strong></span> <span class='ocrx_word' id='word_1_30' title='bbox 2060 1111 2173 1186; x_wconf 87' lang='lat' dir='ltr'><strong>lex</strong></span> <span class='ocrx_word' id='word_1_31' title='bbox 2218 1136 2273 1188; x_wconf 90' lang='lat' dir='ltr'><strong>s.</strong></span> <span class='ocrx_word' id='word_1_32' title='bbox 2324 1111 2584 1187; x_wconf 86' lang='lat' dir='ltr'><strong>diserta</strong></span> <span class='ocrx_word' id='word_1_33' title='bbox 2636 1111 2846 1188; x_wconf 85' lang='lat' dir='ltr'><strong>verba</strong></span> <span class='ocrx_word' id='word_1_34' title='bbox 2899 1136 2955 1189; x_wconf 89' lang='lat' dir='ltr'><strong>s.</strong></span> <span class='ocrx_word' id='word_1_35' title='bbox 2999 1118 3371 1187; x_wconf 83' lang='lat' dir='ltr'><strong>contextus</strong></span> <span class='ocrx_word' id='word_1_36' title='bbox 3425 1134 3480 1185; x_wconf 89' lang='lat' dir='ltr'><strong>s.</strong></span> <span class='ocrx_word' id='word_1_37' title='bbox 3529 1109 3748 1185; x_wconf 84' lang='lat' dir='ltr'><strong>etiam</strong></span> <span class='ocrx_word' id='word_1_38' title='bbox 3789 1108 3945 1184; x_wconf 81' lang='lat' dir='ltr'><strong>eius</strong></span> <span class='ocrx_word' id='word_1_39' title='bbox 3981 1126 4147 1184; x_wconf 75' lang='lat' dir='ltr'><strong>cum</strong></span> 
     </span>
     <span class='ocr_line' id='line_1_5' title="bbox 1096 1218 4148 1331; baseline -0.001 -26"><span class='ocrx_word' id='word_1_40' title='bbox 1096 1231 1386 1306; x_wconf 78' lang='lat' dir='ltr'><strong>caeteris</strong></span> <span class='ocrx_word' id='word_1_41' title='bbox 1451 1230 1725 1331; x_wconf 85' lang='lat' dir='ltr'><strong>legibus</strong></span> <span class='ocrx_word' id='word_1_42' title='bbox 1788 1231 2223 1307; x_wconf 77' lang='lat' dir='ltr'><strong>cohaerentia</strong></span> <span class='ocrx_word' id='word_1_43' title='bbox 2280 1231 2540 1307; x_wconf 84' lang='lat' dir='ltr'><strong>auxilio</strong></span> <span class='ocrx_word' id='word_1_44' title='bbox 2597 1230 2902 1307; x_wconf 86' lang='lat' dir='ltr'><strong>vocanda</strong></span> <span class='ocrx_word' id='word_1_45' title='bbox 2972 1232 3114 1307; x_wconf 77' lang='lat' dir='ltr'><strong>est!</strong></span> <span class='ocrx_word' id='word_1_46' title='bbox 3231 1218 3482 1311; x_wconf 69' lang='lat' dir='ltr'><strong>Quid?</strong></span> <span class='ocrx_word' id='word_1_47' title='bbox 3545 1250 3718 1304; x_wconf 81' lang='lat' dir='ltr'><strong>num</strong></span> <span class='ocrx_word' id='word_1_48' title='bbox 3765 1228 3986 1329; x_wconf 72' lang='lat' dir='ltr'><strong>igitar</strong></span> <span class='ocrx_word' id='word_1_49' title='bbox 4027 1226 4148 1302; x_wconf 86' lang='lat' dir='ltr'><strong>illa</strong></span> 
     </span>
     <span class='ocr_line' id='line_1_6' title="bbox 1094 1348 4146 1451; baseline -0 -27"><span class='ocrx_word' id='word_1_50' title='bbox 1094 1348 1277 1425; x_wconf 81' lang='lat' dir='ltr'><strong>ratio</strong></span> <span class='ocrx_word' id='word_1_51' title='bbox 1291 1405 1313 1440; x_wconf 87' lang='lat'><em>,</em></span> <span class='ocrx_word' id='word_1_52' title='bbox 1360 1350 1708 1448; x_wconf 79' lang='lat' dir='ltr'><strong>siquidem</strong></span> <span class='ocrx_word' id='word_1_53' title='bbox 1766 1350 1921 1451; x_wconf 87' lang='lat' dir='ltr'><strong>lege</strong></span> <span class='ocrx_word' id='word_1_54' title='bbox 1976 1350 2133 1451; x_wconf 82' lang='lat' dir='ltr'><strong>ipsa</strong></span> <span class='ocrx_word' id='word_1_55' title='bbox 2175 1351 2616 1427; x_wconf 82' lang='lat' dir='ltr'><strong>contineatur</strong></span> <span class='ocrx_word' id='word_1_56' title='bbox 2631 1408 2653 1441; x_wconf 89' lang='lat'><em>,</em></span> <span class='ocrx_word' id='word_1_57' title='bbox 2701 1350 2793 1426; x_wconf 88' lang='lat' dir='ltr'><strong>ad</strong></span> <span class='ocrx_word' id='word_1_58' title='bbox 2831 1350 3058 1451; x_wconf 79' lang='lat' dir='ltr'><strong>ipsam</strong></span> <span class='ocrx_word' id='word_1_59' title='bbox 3108 1350 3337 1451; x_wconf 87' lang='lat' dir='ltr'><strong>legem</strong></span> <span class='ocrx_word' id='word_1_60' title='bbox 3379 1351 3480 1426; x_wconf 76' lang='lat' dir='ltr'><strong>ita</strong></span> <span class='ocrx_word' id='word_1_61' title='bbox 3527 1350 3870 1450; x_wconf 88' lang='lat' dir='ltr'><strong>pertinere</strong></span> <span class='ocrx_word' id='word_1_62' title='bbox 3888 1406 3910 1439; x_wconf 89' lang='lat'>‚</span> <span class='ocrx_word' id='word_1_63' title='bbox 3961 1349 4146 1423; x_wconf 76' lang='lat' dir='ltr'><strong>eius·</strong></span> 
     </span>
     <span class='ocr_line' id='line_1_7' title="bbox 1092 1468 4148 1570; baseline -0.001 -25"><span class='ocrx_word' id='word_1_64' title='bbox 1092 1492 1237 1569; x_wconf 86' lang='lat' dir='ltr'><strong>que</strong></span> <span class='ocrx_word' id='word_1_65' title='bbox 1278 1470 1481 1568; x_wconf 87' lang='lat' dir='ltr'><strong>quasi</strong></span> <span class='ocrx_word' id='word_1_66' title='bbox 1520 1492 1682 1569; x_wconf 86' lang='lat' dir='ltr'><strong>pars</strong></span> <span class='ocrx_word' id='word_1_67' title='bbox 1726 1494 1885 1546; x_wconf 82' lang='lat' dir='ltr'><strong>esse</strong></span> <span class='ocrx_word' id='word_1_68' title='bbox 1934 1470 2073 1547; x_wconf 88' lang='lat' dir='ltr'><strong>dici</strong></span> <span class='ocrx_word' id='word_1_69' title='bbox 2116 1478 2345 1570; x_wconf 86' lang='lat' dir='ltr'><strong>potest</strong></span> <span class='ocrx_word' id='word_1_70' title='bbox 2361 1530 2385 1561; x_wconf 91' lang='lat'><em>,</em></span> <span class='ocrx_word' id='word_1_71' title='bbox 2433 1480 2517 1547; x_wconf 88' lang='lat' dir='ltr'><strong>ut</strong></span> <span class='ocrx_word' id='word_1_72' title='bbox 2552 1470 2801 1546; x_wconf 87' lang='lat' dir='ltr'><strong>eadem</strong></span> <span class='ocrx_word' id='word_1_73' title='bbox 2851 1471 3033 1569; x_wconf 76' lang='lat' dir='ltr'><strong>quae</strong></span> <span class='ocrx_word' id='word_1_74' title='bbox 3075 1470 3250 1570; x_wconf 85' lang='lat' dir='ltr'><strong>legis</strong></span> <span class='ocrx_word' id='word_1_75' title='bbox 3301 1477 3408 1545; x_wconf 87' lang='lat' dir='ltr'><strong>est</strong></span> <span class='ocrx_word' id='word_1_76' title='bbox 3425 1528 3446 1559; x_wconf 87' lang='lat'><strong>,</strong></span> <span class='ocrx_word' id='word_1_77' title='bbox 3495 1470 3566 1543; x_wconf 80' lang='lat' dir='ltr'><strong>vi</strong></span> <span class='ocrx_word' id='word_1_78' title='bbox 3605 1470 3787 1545; x_wconf 86' lang='lat' dir='ltr'><strong>cives</strong></span> <span class='ocrx_word' id='word_1_79' title='bbox 3829 1468 4148 1569; x_wconf 65' lang='lat' dir='ltr'><strong>obliget?</strong></span> 
     </span>
     <span class='ocr_line' id='line_1_8' title="bbox 1096 1588 4150 1689; baseline 0.001 -27"><span class='ocrx_word' id='word_1_80' title='bbox 1096 1588 1293 1663; x_wconf 89' lang='lat' dir='ltr'><strong>Num</strong></span> <span class='ocrx_word' id='word_1_81' title='bbox 1313 1647 1334 1677; x_wconf 90' lang='lat'><em>,</em></span> <span class='ocrx_word' id='word_1_82' title='bbox 1382 1596 1467 1663; x_wconf 84' lang='lat' dir='ltr'><strong>ut</strong></span> <span class='ocrx_word' id='word_1_83' title='bbox 1512 1589 1643 1665; x_wconf 90' lang='lat' dir='ltr'><strong>hoc</strong></span> <span class='ocrx_word' id='word_1_84' title='bbox 1690 1590 1916 1665; x_wconf 90' lang='lat' dir='ltr'><strong>solum</strong></span> <span class='ocrx_word' id='word_1_85' title='bbox 1952 1611 2285 1689; x_wconf 81' lang='lat' dir='ltr'><strong>quaeram</strong></span> <span class='ocrx_word' id='word_1_86' title='bbox 2305 1649 2326 1679; x_wconf 90' lang='lat'><em>,</em></span> <span class='ocrx_word' id='word_1_87' title='bbox 2375 1590 2469 1665; x_wconf 79' lang='lat' dir='ltr'><strong>‘de</strong></span> <span class='ocrx_word' id='word_1_88' title='bbox 2509 1590 2776 1665; x_wconf 81' lang='lat' dir='ltr'><strong>ratione</strong></span> <span class='ocrx_word' id='word_1_89' title='bbox 2829 1588 3038 1689; x_wconf 88' lang='lat' dir='ltr'><strong>legis,</strong></span> <span class='ocrx_word' id='word_1_90' title='bbox 3089 1590 3365 1666; x_wconf 75' lang='lat' dir='ltr'><strong>disertis</strong></span> <span class='ocrx_word' id='word_1_91' title='bbox 3411 1589 3645 1665; x_wconf 84' lang='lat' dir='ltr'><strong>verbis</strong></span> <span class='ocrx_word' id='word_1_92' title='bbox 3699 1590 3802 1665; x_wconf 80' lang='lat' dir='ltr'><strong>iffi</strong></span> <span class='ocrx_word' id='word_1_93' title='bbox 3849 1588 4150 1676; x_wconf 72' lang='lat' dir='ltr'><strong>inserta,</strong></span> 
     </span>
     <span class='ocr_line' id='line_1_9' title="bbox 1094 1707 4152 1811; baseline 0 -27"><span class='ocrx_word' id='word_1_94' title='bbox 1094 1708 1199 1784; x_wconf 83' lang='lat' dir='ltr'><strong>ita</strong></span> <span class='ocrx_word' id='word_1_95' title='bbox 1268 1716 1545 1785; x_wconf 83' lang='lat' dir='ltr'><strong>constat</strong></span> <span class='ocrx_word' id='word_1_96' title='bbox 1565 1768 1586 1797; x_wconf 92' lang='lat'>‚</span> <span class='ocrx_word' id='word_1_97' title='bbox 1658 1719 1742 1784; x_wconf 85' lang='lat' dir='ltr'><strong>ut</strong></span> <span class='ocrx_word' id='word_1_98' title='bbox 1812 1733 1938 1811; x_wconf 91' lang='lat' dir='ltr'><strong>pro</strong></span> <span class='ocrx_word' id='word_1_99' title='bbox 2006 1731 2172 1787; x_wconf 75' lang='lat' dir='ltr'><strong>vera</strong></span> <span class='ocrx_word' id='word_1_100' title='bbox 2234 1710 2556 1787; x_wconf 84' lang='lat' dir='ltr'><strong>habenda</strong></span> <span class='ocrx_word' id='word_1_101' title='bbox 2607 1716 2680 1784; x_wconf 90' lang='lat' dir='ltr'><strong>et</strong></span> <span class='ocrx_word' id='word_1_102' title='bbox 2734 1708 2884 1785; x_wconf 85' lang='lat' dir='ltr'><strong>sine</strong></span> <span class='ocrx_word' id='word_1_103' title='bbox 2931 1708 3242 1785; x_wconf 87' lang='lat' dir='ltr'><strong>ulteriori</strong></span> <span class='ocrx_word' id='word_1_104' title='bbox 3290 1708 3740 1809; x_wconf 84' lang='lat' dir='ltr'><strong>inquisitione</strong></span> <span class='ocrx_word' id='word_1_105' title='bbox 3793 1707 4152 1808; x_wconf 79' lang='lat' dir='ltr'><strong>sequenda</strong></span> 
     </span>
     <span class='ocr_line' id='line_1_10' title="bbox 1094 1826 4150 1930; baseline 0 -28"><span class='ocrx_word' id='word_1_106' title='bbox 1094 1828 1191 1903; x_wconf 84' lang='lat' dir='ltr'><strong>sit</strong></span> <span class='ocrx_word' id='word_1_107' title='bbox 1208 1829 1245 1903; x_wconf 80' lang='lat' dir='ltr'>P</span> <span class='ocrx_word' id='word_1_108' title='bbox 1340 1826 1505 1903; x_wconf 91' lang='lat' dir='ltr'><strong>Non</strong></span> <span class='ocrx_word' id='word_1_109' title='bbox 1572 1829 1673 1903; x_wconf 87' lang='lat' dir='ltr'><strong>ita</strong></span> <span class='ocrx_word' id='word_1_110' title='bbox 1691 1888 1711 1917; x_wconf 94' lang='lat'>,</span> <span class='ocrx_word' id='word_1_111' title='bbox 1784 1830 2205 1929; x_wconf 80' lang='lat' dir='ltr'><strong>respondent</strong></span> <span class='ocrx_word' id='word_1_112' title='bbox 2271 1830 2536 1930; x_wconf 78' lang='lat' dir='ltr'><strong>logicae</strong></span> <span class='ocrx_word' id='word_1_113' title='bbox 2595 1830 2805 1905; x_wconf 86' lang='lat' dir='ltr'><strong>istius</strong></span> <span class='ocrx_word' id='word_1_114' title='bbox 2855 1829 3444 1929; x_wconf 76' lang='lat' dir='ltr'><strong>interpretationis</strong></span> <span class='ocrx_word' id='word_1_115' title='bbox 3492 1830 3830 1904; x_wconf 72' lang='lat' dir='ltr'><strong>fautores!</strong></span> <span class='ocrx_word' id='word_1_116' title='bbox 3879 1852 4116 1928; x_wconf 83' lang='lat' dir='ltr'><strong>neque</strong></span> <span class='ocrx_word' id='word_1_117' title='bbox 4130 1887 4150 1916; x_wconf 90' lang='lat'><em>,</em></span> 
     </span>
     <span class='ocr_line' id='line_1_11' title="bbox 1098 1947 4152 2051; baseline -0 -28"><span class='ocrx_word' id='word_1_118' title='bbox 1098 1948 1315 2023; x_wconf 89' lang='lat' dir='ltr'><strong>modo</strong></span> <span class='ocrx_word' id='word_1_119' title='bbox 1381 1947 1490 2022; x_wconf 89' lang='lat' dir='ltr'><strong>vel</strong></span> <span class='ocrx_word' id='word_1_120' title='bbox 1554 1948 2063 2048; x_wconf 83' lang='lat' dir='ltr'><strong>Imperatorum</strong></span> <span class='ocrx_word' id='word_1_121' title='bbox 2123 1952 2651 2027; x_wconf 87' lang='lat' dir='ltr'><strong>constitutiones</strong></span> <span class='ocrx_word' id='word_1_122' title='bbox 2710 1951 2818 2027; x_wconf 84' lang='lat' dir='ltr'><strong>vel</strong></span> <span class='ocrx_word' id='word_1_123' title='bbox 2869 1950 3024 2050; x_wconf 87' lang='lat' dir='ltr'><strong>ipsa</strong></span> <span class='ocrx_word' id='word_1_124' title='bbox 3075 1952 3250 2027; x_wconf 91' lang='lat' dir='ltr'><strong>adeo</strong></span> <span class='ocrx_word' id='word_1_125' title='bbox 3303 1950 3638 2026; x_wconf 76' lang='lat' dir='ltr'><strong>IOtorum</strong></span> <span class='ocrx_word' id='word_1_126' title='bbox 3689 1947 3945 2051; x_wconf 83' lang='lat' dir='ltr'><strong>scripta</strong></span> <span class='ocrx_word' id='word_1_127' title='bbox 3987 1969 4152 2024; x_wconf 87' lang='lat' dir='ltr'><strong>con·</strong></span> 
     </span>
     <span class='ocr_line' id='line_1_12' title="bbox 1102 2066 4154 2170; baseline 0.001 -27"><span class='ocrx_word' id='word_1_128' title='bbox 1102 2068 1336 2143; x_wconf 87' lang='lat' dir='ltr'><strong>sulant</strong></span> <span class='ocrx_word' id='word_1_129' title='bbox 1359 2127 1379 2157; x_wconf 93' lang='lat'>,</span> <span class='ocrx_word' id='word_1_130' title='bbox 1450 2068 1727 2143; x_wconf 89' lang='lat' dir='ltr'><strong>diffiteri</strong></span> <span class='ocrx_word' id='word_1_131' title='bbox 1792 2068 2065 2158; x_wconf 84' lang='lat' dir='ltr'><strong>ausint,</strong></span> <span class='ocrx_word' id='word_1_132' title='bbox 2141 2070 2416 2170; x_wconf 87' lang='lat' dir='ltr'><strong>saepius</strong></span> <span class='ocrx_word' id='word_1_133' title='bbox 2473 2070 2688 2147; x_wconf 83' lang='lat' dir='ltr'><strong>falsae</strong></span> <span class='ocrx_word' id='word_1_134' title='bbox 2761 2070 3013 2146; x_wconf 89' lang='lat' dir='ltr'><strong>rationi</strong></span> <span class='ocrx_word' id='word_1_135' title='bbox 3078 2070 3306 2170; x_wconf 88' lang='lat' dir='ltr'><strong>legem</strong></span> <span class='ocrx_word' id='word_1_136' title='bbox 3373 2068 3757 2169; x_wconf 87' lang='lat' dir='ltr'><strong>superstrui</strong></span> <span class='ocrx_word' id='word_1_137' title='bbox 3811 2091 3994 2168; x_wconf 87' lang='lat' dir='ltr'><strong>quae</strong></span> <span class='ocrx_word' id='word_1_138' title='bbox 4062 2066 4154 2145; x_wconf 83' lang='lat' dir='ltr'><strong>ad</strong></span> 
     </span>
     <span class='ocr_line' id='line_1_13' title="bbox 1100 2187 4152 2287; baseline 0 -26"><span class='ocrx_word' id='word_1_139' title='bbox 1100 2194 1411 2261; x_wconf 81' lang='lat' dir='ltr'><strong>mentem</strong></span> <span class='ocrx_word' id='word_1_140' title='bbox 1479 2187 1629 2262; x_wconf 85' lang='lat' dir='ltr'><strong>eius</strong></span> <span class='ocrx_word' id='word_1_141' title='bbox 1700 2188 2249 2287; x_wconf 85' lang='lat' dir='ltr'><strong>cognoscendam</strong></span> <span class='ocrx_word' id='word_1_142' title='bbox 2304 2188 2406 2263; x_wconf 91' lang='lat' dir='ltr'><strong>nil</strong></span> <span class='ocrx_word' id='word_1_143' title='bbox 2473 2187 2714 2263; x_wconf 85' lang='lat' dir='ltr'><strong>valeat.</strong></span> <span class='ocrx_word' id='word_1_144' title='bbox 2817 2188 3177 2267; x_wconf 85' lang='lat' dir='ltr'><strong>Quorsum</strong></span> <span class='ocrx_word' id='word_1_145' title='bbox 3223 2187 3447 2287; x_wconf 84' lang='lat' dir='ltr'><strong>igitur</strong></span> <span class='ocrx_word' id='word_1_146' title='bbox 3477 2187 3664 2261; x_wconf 85' lang='lat' dir='ltr'><strong>redit</strong></span> <span class='ocrx_word' id='word_1_147' title='bbox 3707 2188 4002 2262; x_wconf 75' lang='lat' dir='ltr'><strong>istorum</strong></span> <span class='ocrx_word' id='word_1_148' title='bbox 4043 2210 4152 2262; x_wconf 87' lang='lat' dir='ltr'><strong>ra-</strong></span> 
     </span>
     <span class='ocr_line' id='line_1_14' title="bbox 1098 2305 4155 2408; baseline 0.001 -29"><span class='ocrx_word' id='word_1_149' title='bbox 1098 2305 1508 2381; x_wconf 77' lang='lat' dir='ltr'><strong>tiocinatio?</strong></span> <span class='ocrx_word' id='word_1_150' title='bbox 1602 2306 1713 2380; x_wconf 75' lang='lat' dir='ltr'><strong>Ex</strong></span> <span class='ocrx_word' id='word_1_151' title='bbox 1756 2306 1901 2381; x_wconf 85' lang='lat' dir='ltr'><strong>sola</strong></span> <span class='ocrx_word' id='word_1_152' title='bbox 1946 2306 2101 2407; x_wconf 89' lang='lat' dir='ltr'><strong>lege</strong></span> <span class='ocrx_word' id='word_1_153' title='bbox 2142 2308 2317 2383; x_wconf 88' lang='lat' dir='ltr'><strong>ratio</strong></span> <span class='ocrx_word' id='word_1_154' title='bbox 2363 2314 2472 2383; x_wconf 92' lang='lat' dir='ltr'><strong>est</strong></span> <span class='ocrx_word' id='word_1_155' title='bbox 2509 2308 2937 2408; x_wconf 83' lang='lat' dir='ltr'><strong>exquirenda</strong></span> <span class='ocrx_word' id='word_1_156' title='bbox 2983 2306 3316 2407; x_wconf 88' lang='lat' dir='ltr'><strong>qnoniam</strong></span> <span class='ocrx_word' id='word_1_157' title='bbox 3359 2308 3472 2382; x_wconf 89' lang='lat' dir='ltr'><strong>lex</strong></span> <span class='ocrx_word' id='word_1_158' title='bbox 3515 2308 3669 2382; x_wconf 78' lang='lat' dir='ltr'><strong>&#39;sola</strong></span> <span class='ocrx_word' id='word_1_159' title='bbox 3715 2306 4155 2407; x_wconf 81' lang='lat' dir='ltr'><strong>promulgata</strong></span> 
     </span>
     <span class='ocr_line' id='line_1_15' title="bbox 1098 2425 4153 2527; baseline 0 -26"><span class='ocrx_word' id='word_1_160' title='bbox 1098 2435 1209 2501; x_wconf 86' lang='lat' dir='ltr'><strong>est</strong></span> <span class='ocrx_word' id='word_1_161' title='bbox 1266 2433 1341 2501; x_wconf 87' lang='lat' dir='ltr'><strong>et</strong></span> <span class='ocrx_word' id='word_1_162' title='bbox 1388 2425 1481 2499; x_wconf 84' lang='lat' dir='ltr'><strong>ab</strong></span> <span class='ocrx_word' id='word_1_163' title='bbox 1538 2425 1867 2501; x_wconf 87' lang='lat' dir='ltr'><strong>omnibus</strong></span> <span class='ocrx_word' id='word_1_164' title='bbox 1916 2427 2241 2527; x_wconf 85' lang='lat' dir='ltr'><strong>cognosci</strong></span> <span class='ocrx_word' id='word_1_165' title='bbox 2286 2434 2556 2527; x_wconf 78' lang='lat' dir='ltr'><strong>potest3</strong></span> <span class='ocrx_word' id='word_1_166' title='bbox 2607 2435 2954 2526; x_wconf 86' lang='lat' dir='ltr'><strong>quatenus</strong></span> <span class='ocrx_word' id='word_1_167' title='bbox 2999 2450 3161 2501; x_wconf 85' lang='lat' dir='ltr'><strong>vero</strong></span> <span class='ocrx_word' id='word_1_168' title='bbox 3211 2426 3549 2502; x_wconf 86' lang='lat' dir='ltr'><strong>rationem</strong></span> <span class='ocrx_word' id='word_1_169' title='bbox 3593 2426 3708 2501; x_wconf 83' lang='lat' dir='ltr'><strong>lex</strong></span> <span class='ocrx_word' id='word_1_170' title='bbox 3757 2426 4153 2515; x_wconf 86' lang='lat' dir='ltr'><strong>contineat,</strong></span> 
     </span>
     <span class='ocr_line' id='line_1_16' title="bbox 1096 2544 4154 2647; baseline 0.001 -28"><span class='ocrx_word' id='word_1_171' title='bbox 1096 2544 1250 2619; x_wconf 83' lang='lat' dir='ltr'><strong>fieri</strong></span> <span class='ocrx_word' id='word_1_172' title='bbox 1312 2553 1543 2644; x_wconf 86' lang='lat' dir='ltr'><strong>potest</strong></span> <span class='ocrx_word' id='word_1_173' title='bbox 1603 2554 1689 2621; x_wconf 84' lang='lat' dir='ltr'><strong>nt</strong></span> <span class='ocrx_word' id='word_1_174' title='bbox 1754 2547 1895 2621; x_wconf 88' lang='lat' dir='ltr'><strong>vim</strong></span> <span class='ocrx_word' id='word_1_175' title='bbox 1958 2546 2135 2647; x_wconf 87' lang='lat' dir='ltr'><strong>legis</strong></span> <span class='ocrx_word' id='word_1_176' title='bbox 2201 2570 2341 2621; x_wconf 91' lang='lat' dir='ltr'><strong>non</strong></span> <span class='ocrx_word' id='word_1_177' title='bbox 2415 2547 2669 2622; x_wconf 87' lang='lat' dir='ltr'><strong>habeat</strong></span> <span class='ocrx_word' id='word_1_178' title='bbox 2726 2548 2835 2621; x_wconf 89' lang='lat' dir='ltr'><strong>vel</strong></span> <span class='ocrx_word' id='word_1_179' title='bbox 2887 2571 2978 2622; x_wconf 92' lang='lat' dir='ltr'><strong>ne</strong></span> <span class='ocrx_word' id='word_1_180' title='bbox 3019 2546 3276 2621; x_wconf 85' lang='lat' dir='ltr'><strong>habere</strong></span> <span class='ocrx_word' id='word_1_181' title='bbox 3327 2546 3614 2645; x_wconf 86' lang='lat' dir='ltr'><strong>quidem</strong></span> <span class='ocrx_word' id='word_1_182' title='bbox 3655 2546 3898 2646; x_wconf 88' lang='lat' dir='ltr'><strong>possit.</strong></span> <span class='ocrx_word' id='word_1_183' title='bbox 3997 2548 4154 2623; x_wconf 84' lang='lat' dir='ltr'><strong>Iam</strong></span> 
     </span>
     <span class='ocr_line' id='line_1_17' title="bbox 1096 2665 3459 2767; baseline 0.001 -28"><span class='ocrx_word' id='word_1_184' title='bbox 1096 2665 1424 2764; x_wconf 86' lang='lat' dir='ltr'><strong>equidem</strong></span> <span class='ocrx_word' id='word_1_185' title='bbox 1474 2673 1599 2741; x_wconf 87' lang='lat' dir='ltr'><strong>aut</strong></span> <span class='ocrx_word' id='word_1_186' title='bbox 1649 2666 1851 2742; x_wconf 84' lang='lat' dir='ltr'><strong>fallor</strong></span> <span class='ocrx_word' id='word_1_187' title='bbox 1864 2725 1885 2755; x_wconf 92' lang='lat'><em>,</em></span> <span class='ocrx_word' id='word_1_188' title='bbox 1936 2674 2061 2743; x_wconf 84' lang='lat' dir='ltr'><strong>aut</strong></span> <span class='ocrx_word' id='word_1_189' title='bbox 2116 2690 2404 2767; x_wconf 87' lang='lat' dir='ltr'><strong>prorsus</strong></span> <span class='ocrx_word' id='word_1_190' title='bbox 2453 2666 2813 2767; x_wconf 80' lang='lat' dir='ltr'><strong>inelegans</strong></span> <span class='ocrx_word' id='word_1_191' title='bbox 2857 2674 2967 2741; x_wconf 91' lang='lat' dir='ltr'><strong>est</strong></span> <span class='ocrx_word' id='word_1_192' title='bbox 3009 2666 3180 2742; x_wconf 85' lang='lat' dir='ltr'><strong>haec</strong></span> <span class='ocrx_word' id='word_1_193' title='bbox 3221 2666 3459 2742; x_wconf 78' lang='lat' dir='ltr'><strong>oratio,</strong></span> 
     </span>
    </p>

    <p class='ocr_par' dir='ltr' id='par_1_3' title="bbox 1094 2784 4159 4081">
     <span class='ocr_line' id='line_1_18' title="bbox 1191 2784 4156 2887; baseline -0.001 -22"><span class='ocrx_word' id='word_1_194' title='bbox 1191 2785 1391 2865; x_wconf 84' lang='lat' dir='ltr'><strong>Quid</strong></span> <span class='ocrx_word' id='word_1_195' title='bbox 1450 2786 1715 2887; x_wconf 74' lang='lat' dir='ltr'><strong>igitur?</strong></span> <span class='ocrx_word' id='word_1_196' title='bbox 1814 2788 2056 2866; x_wconf 85' lang='lat' dir='ltr'><strong>Quum</strong></span> <span class='ocrx_word' id='word_1_197' title='bbox 2079 2846 2102 2877; x_wconf 90' lang='lat'><em>,</em></span> <span class='ocrx_word' id='word_1_198' title='bbox 2162 2787 2487 2886; x_wconf 84' lang='lat' dir='ltr'><strong>quamvis</strong></span> <span class='ocrx_word' id='word_1_199' title='bbox 2547 2784 2703 2887; x_wconf 89' lang='lat' dir='ltr'><strong>lege</strong></span> <span class='ocrx_word' id='word_1_200' title='bbox 2767 2810 3092 2887; x_wconf 81' lang='lat' dir='ltr'><strong>expressa</strong></span> <span class='ocrx_word' id='word_1_201' title='bbox 3140 2788 3232 2862; x_wconf 88' lang='lat' dir='ltr'><strong>sit</strong></span> <span class='ocrx_word' id='word_1_202' title='bbox 3283 2812 3370 2861; x_wconf 84' lang='lat' dir='ltr'><strong>ex</strong></span> <span class='ocrx_word' id='word_1_203' title='bbox 3421 2785 3596 2886; x_wconf 88' lang='lat' dir='ltr'><strong>legis</strong></span> <span class='ocrx_word' id='word_1_204' title='bbox 3642 2793 3878 2862; x_wconf 86' lang='lat' dir='ltr'><strong>tamen</strong></span> <span class='ocrx_word' id='word_1_205' title='bbox 3927 2786 4156 2862; x_wconf 80' lang='lat' dir='ltr'><strong>verbis</strong></span> 
     </span>
     <span class='ocr_line' id='line_1_19' title="bbox 1094 2905 4158 3006; baseline 0.001 -27"><span class='ocrx_word' id='word_1_206' title='bbox 1094 2905 1271 2981; x_wconf 86' lang='lat' dir='ltr'><strong>ratio</strong></span> <span class='ocrx_word' id='word_1_207' title='bbox 1341 2905 1483 2980; x_wconf 86' lang='lat' dir='ltr'><strong>vim</strong></span> <span class='ocrx_word' id='word_1_208' title='bbox 1554 2930 1697 2981; x_wconf 86' lang='lat' dir='ltr'><strong>non</strong></span> <span class='ocrx_word' id='word_1_209' title='bbox 1765 2908 2091 3005; x_wconf 80' lang='lat' dir='ltr'><strong>accipiat3</strong></span> <span class='ocrx_word' id='word_1_210' title='bbox 2152 2907 2265 2981; x_wconf 83' lang='lat' dir='ltr'><strong>lex</strong></span> <span class='ocrx_word' id='word_1_211' title='bbox 2332 2907 2556 3005; x_wconf 80' lang='lat' dir='ltr'><strong>igitur</strong></span> <span class='ocrx_word' id='word_1_212' title='bbox 2611 2906 2840 3006; x_wconf 86' lang='lat' dir='ltr'><strong>speeie</strong></span> <span class='ocrx_word' id='word_1_213' title='bbox 2886 2906 3208 3006; x_wconf 87' lang='lat' dir='ltr'><strong>quidem,</strong></span> <span class='ocrx_word' id='word_1_214' title='bbox 3256 2928 3332 2981; x_wconf 91' lang='lat' dir='ltr'><strong>re</strong></span> <span class='ocrx_word' id='word_1_215' title='bbox 3373 2912 3608 2981; x_wconf 85' lang='lat' dir='ltr'><strong>tamen</strong></span> <span class='ocrx_word' id='word_1_216' title='bbox 3657 2906 3814 2983; x_wconf 89' lang='lat' dir='ltr'><strong>fons</strong></span> <span class='ocrx_word' id='word_1_217' title='bbox 3865 2928 4013 2982; x_wconf 87' lang='lat' dir='ltr'><strong>non</strong></span> <span class='ocrx_word' id='word_1_218' title='bbox 4063 2907 4158 2983; x_wconf 84' lang='lat' dir='ltr'><strong>sit</strong></span> 
     </span>
     <span class='ocr_line' id='line_1_20' title="bbox 1096 3018 4156 3129; baseline 0.001 -29"><span class='ocrx_word' id='word_1_219' title='bbox 1096 3027 1287 3100; x_wconf 85' lang='lat' dir='ltr'><strong>unde</strong></span> <span class='ocrx_word' id='word_1_220' title='bbox 1354 3027 1532 3102; x_wconf 88' lang='lat' dir='ltr'><strong>ratio</strong></span> <span class='ocrx_word' id='word_1_221' title='bbox 1596 3026 2038 3127; x_wconf 81' lang='lat' dir='ltr'><strong>cognoscitur</strong></span> <span class='ocrx_word' id='word_1_222' title='bbox 2063 3018 2072 3026; x_wconf 81' lang='grc'>’</span> <span class='ocrx_word' id='word_1_223' title='bbox 2093 3061 2187 3089; x_wconf 67' lang='grc' dir='ltr'><strong>ι·-</strong></span> <span class='ocrx_word' id='word_1_224' title='bbox 2231 3028 2412 3127; x_wconf 85' lang='lat' dir='ltr'><strong>quid</strong></span> <span class='ocrx_word' id='word_1_225' title='bbox 2456 3033 2649 3103; x_wconf 81' lang='lat' dir='ltr'><strong>vetat</strong></span> <span class='ocrx_word' id='word_1_226' title='bbox 2691 3027 2976 3103; x_wconf 79' lang='lat' dir='ltr'><strong>aliunde</strong></span> <span class='ocrx_word' id='word_1_227' title='bbox 3019 3024 3308 3103; x_wconf 85' lang='lat' dir='ltr'><strong>rationis</strong></span> <span class='ocrx_word' id='word_1_228' title='bbox 3357 3028 3818 3104; x_wconf 86' lang='lat' dir='ltr'><strong>neeessariam</strong></span> <span class='ocrx_word' id='word_1_229' title='bbox 3867 3031 4156 3129; x_wconf 86' lang='lat' dir='ltr'><strong>conqui-</strong></span> 
     </span>
     <span class='ocr_line' id='line_1_21' title="bbox 1096 3145 4159 3249; baseline 0.002 -30"><span class='ocrx_word' id='word_1_230' title='bbox 1096 3165 1247 3220; x_wconf 81' lang='lat' dir='ltr'><strong>rere</strong></span> <span class='ocrx_word' id='word_1_231' title='bbox 1318 3145 1785 3246; x_wconf 87' lang='lat' dir='ltr'><strong>cognitionem</strong></span> <span class='ocrx_word' id='word_1_232' title='bbox 1866 3147 2158 3248; x_wconf 84' lang='lat' dir='ltr'><strong>aliisque</strong></span> <span class='ocrx_word' id='word_1_233' title='bbox 2180 3208 2202 3239; x_wconf 90' lang='lat'><strong>,</strong></span> <span class='ocrx_word' id='word_1_234' title='bbox 2278 3171 2494 3248; x_wconf 88' lang='lat' dir='ltr'><strong>quam</strong></span> <span class='ocrx_word' id='word_1_235' title='bbox 2567 3148 2722 3248; x_wconf 86' lang='lat' dir='ltr'><strong>lege</strong></span> <span class='ocrx_word' id='word_1_236' title='bbox 2795 3150 2947 3249; x_wconf 83' lang='lat' dir='ltr'><strong>ipse</strong></span> <span class='ocrx_word' id='word_1_237' title='bbox 2971 3207 2992 3238; x_wconf 88' lang='lat'>‚</span> <span class='ocrx_word' id='word_1_238' title='bbox 3067 3147 3328 3248; x_wconf 82' lang='lat' dir='ltr'><strong>quibus</strong></span> <span class='ocrx_word' id='word_1_239' title='bbox 3404 3155 3934 3248; x_wconf 85' lang='lat' dir='ltr'><strong>recognoscatur</strong></span> <span class='ocrx_word' id='word_1_240' title='bbox 3951 3209 3972 3240; x_wconf 94' lang='lat'>,</span> <span class='ocrx_word' id='word_1_241' title='bbox 4049 3149 4159 3225; x_wconf 87' lang='lat' dir='ltr'><strong>uti</strong></span> 
     </span>
     <span class='ocr_line' id='line_1_22' title="bbox 1097 3263 4157 3368; baseline 0.002 -30"><span class='ocrx_word' id='word_1_242' title='bbox 1097 3263 1375 3339; x_wconf 85' lang='lat' dir='ltr'><strong>auxiliis</strong></span> <span class='ocrx_word' id='word_1_243' title='bbox 1391 3265 1427 3338; x_wconf 77' lang='grc' dir='ltr'>Ρ</span> <span class='ocrx_word' id='word_1_244' title='bbox 1519 3265 1685 3341; x_wconf 82' lang='lat' dir='ltr'><strong>Sola</strong></span> <span class='ocrx_word' id='word_1_245' title='bbox 1736 3266 1846 3340; x_wconf 83' lang='lat' dir='ltr'><strong>lex</strong></span> <span class='ocrx_word' id='word_1_246' title='bbox 1891 3266 2251 3368; x_wconf 86' lang='lat' dir='ltr'><strong>interpreti</strong></span> <span class='ocrx_word' id='word_1_247' title='bbox 2303 3267 2598 3344; x_wconf 86' lang='lat' dir='ltr'><strong>sufficiat</strong></span> <span class='ocrx_word' id='word_1_248' title='bbox 2645 3291 2869 3367; x_wconf 88' lang='lat' dir='ltr'><strong>quum</strong></span> <span class='ocrx_word' id='word_1_249' title='bbox 2921 3267 3092 3367; x_wconf 88' lang='lat' dir='ltr'><strong>ipsis</strong></span> <span class='ocrx_word' id='word_1_250' title='bbox 3139 3267 3368 3342; x_wconf 86' lang='lat' dir='ltr'><strong>verbis</strong></span> <span class='ocrx_word' id='word_1_251' title='bbox 3417 3268 3598 3343; x_wconf 82' lang='lat' dir='ltr'><strong>clare</strong></span> <span class='ocrx_word' id='word_1_252' title='bbox 3642 3269 4006 3344; x_wconf 87' lang='lat' dir='ltr'><strong>enuntiata</strong></span> <span class='ocrx_word' id='word_1_253' title='bbox 4047 3275 4157 3344; x_wconf 89' lang='lat' dir='ltr'><strong>est</strong></span> 
     </span>
     <span class='ocr_line' id='line_1_23' title="bbox 1100 3383 4152 3486; baseline 0.001 -27"><span class='ocrx_word' id='word_1_254' title='bbox 1100 3383 1453 3474; x_wconf 69' lang='lat' dir='ltr'><strong>voluntas3</strong></span> <span class='ocrx_word' id='word_1_255' title='bbox 1504 3385 1631 3460; x_wconf 79' lang='lat' dir='ltr'><strong>nbi</strong></span> <span class='ocrx_word' id='word_1_256' title='bbox 1692 3407 1852 3461; x_wconf 84' lang='lat' dir='ltr'><strong>vero</strong></span> <span class='ocrx_word' id='word_1_257' title='bbox 1926 3387 2223 3466; x_wconf 84' lang='lat' dir='ltr'><strong>dubium</strong></span> <span class='ocrx_word' id='word_1_258' title='bbox 2241 3448 2262 3478; x_wconf 89' lang='lat'>,</span> <span class='ocrx_word' id='word_1_259' title='bbox 2326 3389 2706 3465; x_wconf 84' lang='lat' dir='ltr'><strong>obscurum</strong></span> <span class='ocrx_word' id='word_1_260' title='bbox 2725 3445 2746 3478; x_wconf 88' lang='lat'>,</span> <span class='ocrx_word' id='word_1_261' title='bbox 2807 3387 3044 3463; x_wconf 84' lang='lat' dir='ltr'><strong>minus</strong></span> <span class='ocrx_word' id='word_1_262' title='bbox 3097 3393 3416 3463; x_wconf 81' lang='lat' dir='ltr'><strong>accurate</strong></span> <span class='ocrx_word' id='word_1_263' title='bbox 3465 3387 3638 3486; x_wconf 89' lang='lat' dir='ltr'><strong>quid</strong></span> <span class='ocrx_word' id='word_1_264' title='bbox 3689 3387 3960 3463; x_wconf 81' lang='lat' dir='ltr'><strong>dictum</strong></span> <span class='ocrx_word' id='word_1_265' title='bbox 4009 3395 4152 3480; x_wconf 78' lang='lat' dir='ltr'><strong>est3</strong></span> 
     </span>
     <span class='ocr_line' id='line_1_24' title="bbox 1100 3499 4156 3610; baseline 0.001 -32"><span class='ocrx_word' id='word_1_266' title='bbox 1100 3501 1229 3578; x_wconf 89' lang='lat' dir='ltr'><strong>nbi</strong></span> <span class='ocrx_word' id='word_1_267' title='bbox 1292 3503 1649 3602; x_wconf 87' lang='lat' dir='ltr'><strong>quaeritur</strong></span> <span class='ocrx_word' id='word_1_268' title='bbox 1662 3564 1683 3594; x_wconf 89' lang='lat'>,</span> <span class='ocrx_word' id='word_1_269' title='bbox 1750 3504 1925 3604; x_wconf 88' lang='lat' dir='ltr'><strong>quid</strong></span> <span class='ocrx_word' id='word_1_270' title='bbox 1989 3531 2213 3605; x_wconf 88' lang='lat' dir='ltr'><strong>quum</strong></span> <span class='ocrx_word' id='word_1_271' title='bbox 2268 3505 2500 3581; x_wconf 84' lang='lat' dir='ltr'><strong>verbis</strong></span> <span class='ocrx_word' id='word_1_272' title='bbox 2551 3505 2690 3580; x_wconf 87' lang='lat' dir='ltr'><strong>illis</strong></span> <span class='ocrx_word' id='word_1_273' title='bbox 2739 3499 3054 3581; x_wconf 82' lang='lat' dir='ltr'><strong>uteretur</strong></span> <span class='ocrx_word' id='word_1_274' title='bbox 3092 3505 3450 3606; x_wconf 82' lang='lat' dir='ltr'><strong>&#39;legislator</strong></span> <span class='ocrx_word' id='word_1_275' title='bbox 3505 3507 3912 3608; x_wconf 84' lang='lat' dir='ltr'><strong>cogitaverit</strong></span> <span class='ocrx_word' id='word_1_276' title='bbox 3932 3567 3954 3598; x_wconf 90' lang='lat'>,</span> <span class='ocrx_word' id='word_1_277' title='bbox 4001 3509 4156 3610; x_wconf 83' lang='lat' dir='ltr'><strong>ipsa</strong></span> 
     </span>
     <span class='ocr_line' id='line_1_25' title="bbox 1098 3623 4153 3728; baseline 0.002 -31"><span class='ocrx_word' id='word_1_278' title='bbox 1098 3643 1262 3698; x_wconf 76' lang='lat' dir='ltr'><strong>vero</strong></span> <span class='ocrx_word' id='word_1_279' title='bbox 1328 3623 1437 3699; x_wconf 80' lang='lat' dir='ltr'><strong>lex</strong></span> <span class='ocrx_word' id='word_1_280' title='bbox 1486 3625 1931 3725; x_wconf 81' lang='lat' dir='ltr'><strong>interpretem</strong></span> <span class='ocrx_word' id='word_1_281' title='bbox 1986 3626 2444 3701; x_wconf 76' lang='lat' dir='ltr'><strong>haesitantem</strong></span> <span class='ocrx_word' id='word_1_282' title='bbox 2461 3683 2482 3714; x_wconf 87' lang='lat'>‚</span> <span class='ocrx_word' id='word_1_283' title='bbox 2531 3624 2622 3700; x_wconf 93' lang='lat' dir='ltr'><strong>de</strong></span> <span class='ocrx_word' id='word_1_284' title='bbox 2666 3641 2831 3702; x_wconf 80' lang='lat' dir='ltr'><strong>‘vera</strong></span> <span class='ocrx_word' id='word_1_285' title='bbox 2881 3625 3236 3701; x_wconf 81' lang='lat' dir='ltr'><strong>voluntate</strong></span> <span class='ocrx_word' id='word_1_286' title='bbox 3283 3627 3727 3704; x_wconf 86' lang='lat' dir='ltr'><strong>dubitantem</strong></span> <span class='ocrx_word' id='word_1_287' title='bbox 3780 3627 4153 3728; x_wconf 87' lang='lat' dir='ltr'><strong>relinquit,</strong></span> 
     </span>
     <span class='ocr_line' id='line_1_26' title="bbox 1097 3743 4156 3846; baseline 0.002 -29"><span class='ocrx_word' id='word_1_288' title='bbox 1097 3743 1417 3841; x_wconf 85' lang='lat' dir='ltr'><strong>sequitur</strong></span> <span class='ocrx_word' id='word_1_289' title='bbox 1433 3801 1454 3832; x_wconf 88' lang='lat'>‚</span> <span class='ocrx_word' id='word_1_290' title='bbox 1530 3767 1669 3820; x_wconf 92' lang='lat' dir='ltr'><strong>non</strong></span> <span class='ocrx_word' id='word_1_291' title='bbox 1733 3753 2009 3820; x_wconf 82' lang='lat' dir='ltr'><strong>tantum</strong></span> <span class='ocrx_word' id='word_1_292' title='bbox 2077 3745 2444 3846; x_wconf 87' lang='lat' dir='ltr'><strong>interpreti</strong></span> <span class='ocrx_word' id='word_1_293' title='bbox 2499 3745 2705 3820; x_wconf 88' lang='lat' dir='ltr'><strong>licere</strong></span> <span class='ocrx_word' id='word_1_294' title='bbox 2726 3803 2747 3834; x_wconf 89' lang='lat'>,</span> <span class='ocrx_word' id='word_1_295' title='bbox 2819 3766 3056 3820; x_wconf 82' lang='lat' dir='ltr'><strong>verum</strong></span> <span class='ocrx_word' id='word_1_296' title='bbox 3103 3753 3176 3820; x_wconf 90' lang='lat' dir='ltr'><strong>et</strong></span> <span class='ocrx_word' id='word_1_297' title='bbox 3233 3748 3700 3823; x_wconf 82' lang='lat' dir='ltr'><strong>necessarium</strong></span> <span class='ocrx_word' id='word_1_298' title='bbox 3745 3771 3910 3823; x_wconf 81' lang='lat' dir='ltr'><strong>esse</strong></span> <span class='ocrx_word' id='word_1_299' title='bbox 3960 3755 4156 3824; x_wconf 80' lang='lat' dir='ltr'><strong>extra</strong></span> 
     </span>
     <span class='ocr_line' id='line_1_27' title="bbox 1096 3861 4153 3968; baseline 0.002 -32"><span class='ocrx_word' id='word_1_300' title='bbox 1096 3861 1327 3960; x_wconf 86' lang='lat' dir='ltr'><strong>legem</strong></span> <span class='ocrx_word' id='word_1_301' title='bbox 1378 3863 1807 3938; x_wconf 77' lang='lat' dir='ltr'><strong>sententiam</strong></span> <span class='ocrx_word' id='word_1_302' title='bbox 1862 3866 2215 3964; x_wconf 82' lang='lat' dir='ltr'><strong>explorare</strong></span> <span class='ocrx_word' id='word_1_303' title='bbox 2232 3923 2253 3955; x_wconf 91' lang='lat'><em>,</em></span> <span class='ocrx_word' id='word_1_304' title='bbox 2302 3865 2536 3944; x_wconf 82' lang='lat' dir='ltr'><strong>modo.</strong></span> <span class='ocrx_word' id='word_1_305' title='bbox 2563 3889 2653 3942; x_wconf 90' lang='lat' dir='ltr'><strong>ne</strong></span> <span class='ocrx_word' id='word_1_306' title='bbox 2702 3864 2974 3941; x_wconf 78' lang='lat' dir='ltr'><strong>aberret</strong></span> <span class='ocrx_word' id='word_1_307' title='bbox 3021 3889 3066 3941; x_wconf 89' lang='lat' dir='ltr'><strong>a</strong></span> <span class='ocrx_word' id='word_1_308' title='bbox 3113 3863 3481 3942; x_wconf 80' lang='lat' dir='ltr'><strong>verborum</strong></span> <span class='ocrx_word' id='word_1_309' title='bbox 3500 3925 3522 3957; x_wconf 89' lang='lat'>,</span> <span class='ocrx_word' id='word_1_310' title='bbox 3571 3889 3753 3966; x_wconf 80' lang='lat' dir='ltr'><strong>quae</strong></span> <span class='ocrx_word' id='word_1_311' title='bbox 3797 3889 3954 3943; x_wconf 89' lang='lat' dir='ltr'><strong>esse</strong></span> <span class='ocrx_word' id='word_1_312' title='bbox 3993 3891 4153 3968; x_wconf 79' lang='lat' dir='ltr'><strong>pos-</strong></span> 
     </span>
     <span class='ocr_line' id='line_1_28' title="bbox 1099 3982 3758 4081; baseline 0.004 -25"><span class='ocrx_word' id='word_1_313' title='bbox 1099 3989 1209 4056; x_wconf 84' lang='lat' dir='ltr'><strong>set</strong></span> <span class='ocrx_word' id='word_1_314' title='bbox 1229 4038 1250 4068; x_wconf 89' lang='lat'>,</span> <span class='ocrx_word' id='word_1_315' title='bbox 1300 3982 1823 4081; x_wconf 84' lang='lat' dir='ltr'><strong>significatione.</strong></span> <span class='ocrx_word' id='word_1_316' title='bbox 3755 4003 3758 4010; x_wconf 84' lang='lat'>&#39;</span> 
     </span>
    </p>

    <p class='ocr_par' dir='ltr' id='par_1_4' title="bbox 1097 4101 4157 4927">
     <span class='ocr_line' id='line_1_29' title="bbox 1202 4101 4154 4208; baseline 0.001 -29"><span class='ocrx_word' id='word_1_317' title='bbox 1202 4101 1415 4179; x_wconf 86' lang='lat' dir='ltr'><strong>Quod</strong></span> <span class='ocrx_word' id='word_1_318' title='bbox 1466 4125 1687 4201; x_wconf 88' lang='lat' dir='ltr'><strong>quum</strong></span> <span class='ocrx_word' id='word_1_319' title='bbox 1736 4103 1895 4179; x_wconf 86' lang='lat' dir='ltr'><strong>dico</strong></span> <span class='ocrx_word' id='word_1_320' title='bbox 1946 4123 2087 4178; x_wconf 88' lang='lat' dir='ltr'><strong>non</strong></span> <span class='ocrx_word' id='word_1_321' title='bbox 2146 4105 2277 4180; x_wconf 88' lang='lat' dir='ltr'><strong>hcc</strong></span> <span class='ocrx_word' id='word_1_322' title='bbox 2330 4105 2554 4180; x_wconf 86' lang='lat' dir='ltr'><strong>sentio</strong></span> <span class='ocrx_word' id='word_1_323' title='bbox 2572 4163 2594 4194; x_wconf 91' lang='lat'><em>,</em></span> <span class='ocrx_word' id='word_1_324' title='bbox 2641 4105 2842 4180; x_wconf 74' lang='lat' dir='ltr'>AA.1</span> <span class='ocrx_word' id='word_1_325' title='bbox 2913 4111 3064 4177; x_wconf 88' lang='lat' dir='ltr'><strong>tum</strong></span> <span class='ocrx_word' id='word_1_326' title='bbox 3121 4104 3409 4180; x_wconf 84' lang='lat' dir='ltr'><strong>demum</strong></span> <span class='ocrx_word' id='word_1_327' title='bbox 3453 4107 4006 4208; x_wconf 86' lang='lat' dir='ltr'><strong>interpretationi</strong></span> <span class='ocrx_word' id='word_1_328' title='bbox 4053 4107 4154 4182; x_wconf 91' lang='lat' dir='ltr'><strong>lo·</strong></span> 
     </span>
     <span class='ocr_line' id='line_1_30' title="bbox 1098 4225 4156 4324; baseline 0.002 -29"><span class='ocrx_word' id='word_1_329' title='bbox 1098 4243 1265 4297; x_wconf 86' lang='lat' dir='ltr'><strong>eum</strong></span> <span class='ocrx_word' id='word_1_330' title='bbox 1310 4245 1467 4296; x_wconf 89' lang='lat' dir='ltr'><strong>esse</strong></span> <span class='ocrx_word' id='word_1_331' title='bbox 1508 4247 1729 4322; x_wconf 86' lang='lat' dir='ltr'><strong>quum</strong></span> <span class='ocrx_word' id='word_1_332' title='bbox 1774 4225 1886 4300; x_wconf 85' lang='lat' dir='ltr'><strong>lex</strong></span> <span class='ocrx_word' id='word_1_333' title='bbox 1932 4225 2115 4301; x_wconf 83' lang='lat' dir='ltr'><strong>clara</strong></span> <span class='ocrx_word' id='word_1_334' title='bbox 2155 4249 2299 4300; x_wconf 84' lang='lat' dir='ltr'><strong>non</strong></span> <span class='ocrx_word' id='word_1_335' title='bbox 2360 4227 2490 4316; x_wconf 79' lang='lat' dir='ltr'><strong>sit3</strong></span> <span class='ocrx_word' id='word_1_336' title='bbox 2540 4225 2672 4302; x_wconf 84' lang='lat' dir='ltr'><strong>hoc</strong></span> <span class='ocrx_word' id='word_1_337' title='bbox 2715 4225 2902 4301; x_wconf 85' lang='lat' dir='ltr'><strong>volo:</strong></span> <span class='ocrx_word' id='word_1_338' title='bbox 2967 4246 3191 4324; x_wconf 84' lang='lat' dir='ltr'><strong>quum</strong></span> <span class='ocrx_word' id='word_1_339' title='bbox 3238 4226 3352 4300; x_wconf 79' lang='lat' dir='ltr'><strong>lex</strong></span> <span class='ocrx_word' id='word_1_340' title='bbox 3396 4227 3579 4302; x_wconf 85' lang='lat' dir='ltr'><strong>clara</strong></span> <span class='ocrx_word' id='word_1_341' title='bbox 3625 4235 3773 4317; x_wconf 87' lang='lat' dir='ltr'><strong>est,</strong></span> <span class='ocrx_word' id='word_1_342' title='bbox 3823 4233 3896 4302; x_wconf 88' lang='lat' dir='ltr'><strong>et</strong></span> <span class='ocrx_word' id='word_1_343' title='bbox 3943 4225 4156 4302; x_wconf 84' lang='lat' dir='ltr'><strong>verba</strong></span> 
     </span>
     <span class='ocr_line' id='line_1_31' title="bbox 1103 4340 4157 4446; baseline 0.002 -31"><span class='ocrx_word' id='word_1_344' title='bbox 1103 4340 1365 4440; x_wconf 88' lang='lat' dir='ltr'><strong>quibus</strong></span> <span class='ocrx_word' id='word_1_345' title='bbox 1422 4367 1595 4418; x_wconf 86' lang='lat' dir='ltr'><strong>usus</strong></span> <span class='ocrx_word' id='word_1_346' title='bbox 1656 4350 1763 4418; x_wconf 89' lang='lat' dir='ltr'><strong>est</strong></span> <span class='ocrx_word' id='word_1_347' title='bbox 1816 4343 2169 4444; x_wconf 83' lang='lat' dir='ltr'><strong>legislator</strong></span> <span class='ocrx_word' id='word_1_348' title='bbox 2222 4353 2490 4421; x_wconf 84' lang='lat' dir='ltr'><strong>eertum</strong></span> <span class='ocrx_word' id='word_1_349' title='bbox 2537 4369 2745 4420; x_wconf 86' lang='lat' dir='ltr'><strong>snum</strong></span> <span class='ocrx_word' id='word_1_350' title='bbox 2806 4367 3089 4420; x_wconf 85' lang='lat' dir='ltr'><strong>sensum</strong></span> <span class='ocrx_word' id='word_1_351' title='bbox 3140 4343 3400 4421; x_wconf 86' lang='lat' dir='ltr'><strong>habent</strong></span> <span class='ocrx_word' id='word_1_352' title='bbox 3417 4404 3439 4435; x_wconf 89' lang='lat'>,</span> <span class='ocrx_word' id='word_1_353' title='bbox 3492 4347 3616 4422; x_wconf 80' lang='lat' dir='ltr'><strong>cui</strong></span> <span class='ocrx_word' id='word_1_354' title='bbox 3663 4347 3793 4421; x_wconf 87' lang='lat' dir='ltr'><strong>soli</strong></span> <span class='ocrx_word' id='word_1_355' title='bbox 3841 4344 4157 4446; x_wconf 85' lang='lat' dir='ltr'><strong>adaptari</strong></span> 
     </span>
     <span class='ocr_line' id='line_1_32' title="bbox 1098 4459 4152 4566; baseline 0.001 -30"><span class='ocrx_word' id='word_1_356' title='bbox 1098 4459 1406 4561; x_wconf 85' lang='lat' dir='ltr'><strong>possint,</strong></span> <span class='ocrx_word' id='word_1_357' title='bbox 1468 4470 1737 4539; x_wconf 76' lang='lat' dir='ltr'><strong>caetera</strong></span> <span class='ocrx_word' id='word_1_358' title='bbox 1798 4463 2086 4564; x_wconf 85' lang='lat' dir='ltr'><strong>quidem</strong></span> <span class='ocrx_word' id='word_1_359' title='bbox 2134 4465 2364 4540; x_wconf 78' lang='lat' dir='ltr'><strong>etiam</strong></span> <span class='ocrx_word' id='word_1_360' title='bbox 2420 4465 2926 4566; x_wconf 86' lang='lat' dir='ltr'><strong>interpretandi</strong></span> <span class='ocrx_word' id='word_1_361' title='bbox 2988 4465 3245 4541; x_wconf 82' lang='lat' dir='ltr'><strong>auxilia</strong></span> <span class='ocrx_word' id='word_1_362' title='bbox 3293 4465 3679 4566; x_wconf 64' lang='lat' dir='ltr'><strong>‘diligenter</strong></span> <span class='ocrx_word' id='word_1_363' title='bbox 3721 4463 4152 4552; x_wconf 83' lang='lat' dir='ltr'><strong>adhibenda,</strong></span> 
     </span>
     <span class='ocr_line' id='line_1_33' title="bbox 1098 4581 4155 4676; baseline 0.001 -19"><span class='ocrx_word' id='word_1_364' title='bbox 1098 4581 1231 4658; x_wconf 80' lang='lat' dir='ltr'><strong>hoc</strong></span> <span class='ocrx_word' id='word_1_365' title='bbox 1276 4603 1517 4658; x_wconf 79' lang='lat' dir='ltr'><strong>verum</strong></span> <span class='ocrx_word' id='word_1_366' title='bbox 1552 4583 1885 4673; x_wconf 83' lang='lat' dir='ltr'><strong>oonsilio,</strong></span> <span class='ocrx_word' id='word_1_367' title='bbox 1950 4591 2035 4658; x_wconf 88' lang='lat' dir='ltr'><strong>ut</strong></span> <span class='ocrx_word' id='word_1_368' title='bbox 2090 4583 2179 4658; x_wconf 91' lang='lat' dir='ltr'><strong>de</strong></span> <span class='ocrx_word' id='word_1_369' title='bbox 2230 4607 2446 4660; x_wconf 88' lang='lat' dir='ltr'><strong>sensu</strong></span> <span class='ocrx_word' id='word_1_370' title='bbox 2499 4603 2708 4661; x_wconf 86' lang='lat' dir='ltr'><strong>omne</strong></span> <span class='ocrx_word' id='word_1_371' title='bbox 2755 4585 3053 4664; x_wconf 88' lang='lat' dir='ltr'><strong>dubium</strong></span> <span class='ocrx_word' id='word_1_372' title='bbox 3101 4585 3385 4676; x_wconf 83' lang='lat' dir='ltr'><strong>tollant,</strong></span> <span class='ocrx_word' id='word_1_373' title='bbox 3436 4587 3625 4662; x_wconf 82' lang='lat' dir='ltr'><strong>hunc</strong></span> <span class='ocrx_word' id='word_1_374' title='bbox 3683 4593 3955 4662; x_wconf 84' lang='lat' dir='ltr'><strong>rectum</strong></span> <span class='ocrx_word' id='word_1_375' title='bbox 4003 4607 4155 4661; x_wconf 85' lang='lat' dir='ltr'><strong>esse</strong></span> 
     </span>
     <span class='ocr_line' id='line_1_34' title="bbox 1097 4701 4154 4806; baseline 0.002 -30"><span class='ocrx_word' id='word_1_376' title='bbox 1097 4701 1506 4777; x_wconf 81' lang='lat' dir='ltr'><strong>confirment</strong></span> <span class='ocrx_word' id='word_1_377' title='bbox 1524 4761 1546 4793; x_wconf 89' lang='lat'>,</span> <span class='ocrx_word' id='word_1_378' title='bbox 1604 4704 1707 4779; x_wconf 88' lang='lat' dir='ltr'><strong>-ad</strong></span> <span class='ocrx_word' id='word_1_379' title='bbox 1772 4703 2106 4780; x_wconf 81' lang='lat' dir='ltr'><strong>maiorem</strong></span> <span class='ocrx_word' id='word_1_380' title='bbox 2166 4703 2582 4783; x_wconf 85' lang='lat' dir='ltr'><strong>evidentiam</strong></span> <span class='ocrx_word' id='word_1_381' title='bbox 2637 4705 3066 4806; x_wconf 81' lang='lat' dir='ltr'><strong>producant3</strong></span> <span class='ocrx_word' id='word_1_382' title='bbox 3111 4726 3255 4784; x_wconf 88' lang='lat' dir='ltr'><strong>non</strong></span> <span class='ocrx_word' id='word_1_383' title='bbox 3301 4728 3464 4782; x_wconf 83' lang='lat' dir='ltr'><strong>vero</strong></span> <span class='ocrx_word' id='word_1_384' title='bbox 3481 4766 3501 4797; x_wconf 90' lang='lat'><em>,</em></span> <span class='ocrx_word' id='word_1_385' title='bbox 3553 4707 3660 4782; x_wconf 86' lang='lat' dir='ltr'><strong>uti</strong></span> <span class='ocrx_word' id='word_1_386' title='bbox 3703 4707 3780 4781; x_wconf 79' lang='lat' dir='ltr'><strong>in</strong></span> <span class='ocrx_word' id='word_1_387' title='bbox 3837 4705 4154 4782; x_wconf 78' lang='lat' dir='ltr'><strong>obscuris</strong></span> 
     </span>
     <span class='ocr_line' id='line_1_35' title="bbox 1098 4820 2961 4927; baseline 0.004 -33"><span class='ocrx_word' id='word_1_388' title='bbox 1098 4821 1205 4894; x_wconf 76' lang='lat' dir='ltr'><strong>vel</strong></span> <span class='ocrx_word' id='word_1_389' title='bbox 1246 4820 1514 4910; x_wconf 86' lang='lat' dir='ltr'><strong>dubiis,</strong></span> <span class='ocrx_word' id='word_1_390' title='bbox 1564 4846 1799 4900; x_wconf 84' lang='lat' dir='ltr'><strong>verum</strong></span> <span class='ocrx_word' id='word_1_391' title='bbox 1852 4823 2138 4901; x_wconf 88' lang='lat' dir='ltr'><strong>demum</strong></span> <span class='ocrx_word' id='word_1_392' title='bbox 2176 4846 2472 4904; x_wconf 67' lang='lat' dir='ltr'><strong>&#39;sensum</strong></span> <span class='ocrx_word' id='word_1_393' title='bbox 2523 4824 2961 4927; x_wconf 82' lang='lat' dir='ltr'><strong>patefaciant.</strong></span> 
     </span>
    </p>
   </div>
  </div>
 </body>
</html>
