4730 6049
1893 645 2457 718 ORATIO.
3618 655 3703 722 15

525 841 531 846 ⁴
651 845 843 938 main
881 881 1114 937 carere
1152 879 1356 956 posse
1389 853 1684 932 credatis
1701 855 1738 932 P
1797 855 2017 945 Nolo,
2055 857 2145 941 A.
2175 855 2298 945 H„
2343 852 2417 930 in
2457 880 2533 933 re
2568 858 2931 958 perspicua
2970 867 3381 970 argumenta
3415 860 3691 952 afferre,

647 1006 832 1084 quae
879 979 1134 1079 cuique
1183 983 1492 1054 vestrum
1539 981 1782 1074 sponte
1833 984 2226 1076 suppetent.

747 1098 958 1175 Unde
1021 1103 1258 1172 autem
1316 1094 1598 1170 futurus
1649 1092 1964 1170 medicus
2031 1119 2186 1170 eam
2249 1093 2745 1194 experientiam
2816 1106 3047 1198 petet,
3116 1100 3239 1174 ubi
3284 1040 3695 1178 observandi

647 1227 868 1300 artem
935 1217 1285 1307 addiscet,
1359 1215 1497 1292 nisi
1555 1215 1866 1303 scholae,
1931 1216 2005 1290 in
2076 1216 2336 1314 quibus
2404 1217 2569 1292 artis
2626 1228 2993 1356 praecepta
3054 1220 3205 1296 trad
3214 1231 3468 1310 untur,
3546 1223 3696 1300 eius

647 1365 930 1442 quoque
999 1338 1100 1414 rei
1153 1335 1426 1437 copiam
1487 1321 2058 1433 suppeditabunt.
2173 1336 2360 1412 Puer
2424 1344 2497 1412 et
2552 1337 2823 1414 iuvenis
2878 1339 3195 1416 animum
3264 1343 3564 1418 excoluit
3620 1351 3695 1418 et

645 1461 984 1538 iudicium
1046 1456 1240 1535 acuit
1294 1455 1658 1543 doctrinis,
1726 1455 1986 1555 quibus
2044 1457 2328 1554 puerilis
2365 1466 2555 1534 aetas
2602 1457 2939 1557 impertiri
2976 1459 3186 1535 debet
3202 1493 3222 1550 ;
3290 1463 3693 1561 disciplinae

645 1580 970 1681 physicae
1007 1579 1075 1654 ei
1118 1601 1349 1652 rerum
1387 1582 1710 1652 naturam
1751 1585 2198 1675 aperuerunt3
2237 1577 2313 1651 in
2359 1577 2613 1654 studiis
2648 1578 3052 1654 anatomicis
3092 1605 3371 1680 operam
3410 1573 3689 1659 navavit

645 1700 1022 1800 cognitioni
1071 1696 1382 1808 corporis
1436 1692 1728 1770 humani
1791 1701 1982 1770 statu
2029 1719 2241 1785 sano;
2300 1695 2735 1796 physiologia
2780 1723 2945 1774 eum
2995 1699 3231 1774 docuit
3290 1704 3692 1804 praecipuas

621 1819 1032 1898 ·functiones
1049 1876 1070 1908 ‚
1119 1817 1394 1916 quibus·
1429 1815 1522 1890 ad
1564 1814 1774 1890 vitam
1818 1823 1890 1891 et
1942 1816 2407 1892 valetudinem
2456 1842 2632 1917 opus
2678 1826 2823 1907 est;
2874 1819 3273 1920 pathologia
3311 1822 3567 1900 formas
3608 1849 3689 1900 ac

643 1940 906 2040 species
957 1937 1366 2031 monstravit
1408 1935 1500 2012 ad
1550 1959 1725 2034 quas
1785 1936 1950 2010 varii
1991 1938 2218 2012 morbi
2259 1935 2495 2012 referri
2536 1945 2862 2073 1108811111;
2932 1940 3249 2014 studium
3300 1945 3687 2020 anatomiae

640 2060 1116 2161 pathologicae
1157 2056 1465 2134 ostendit
1501 2055 1960 2145 mutationes,
2011 2081 2192 2155 quae
2232 2057 2307 2132 in
2353 2082 2633 2191 corpore
2683 2059 2835 2134 vivo
2878 2058 3141 2134 morbis
3186 2059 3470 2136 factae
3448 2087 3520 2136 111
3577 2088 3687 2138 88-

643 2182 890 2258 davere
953 2179 1238 2280 reperiri
1287 2184 1615 2276 possunt,
1685 2176 2006 2252 materies
2063 2176 2332 2252 medica
2396 2177 2461 2252 ei
2509 2178 2648 2252 tela
2687 2178 2921 2267 dedit,
2990 2179 3253 2315 quibus
3297 2181 3524 2256 morbi
3566 2209 3797 2285 011--.1

639 2307 1063 2401 pugnentur.
1179 2297 1379 2375 Haec
1449 2297 1686 2374 omnia
1761 2304 1998 2372 tamen
2070 2321 2318 2396 parum
2390 2297 2651 2373 habent
2724 2299 3047 2374 utilitatis
3120 2299 3257 2374 nisi
3328 2301 3689 2377 scientiam

639 2417 948 2519 paratam
1000 2442 1136 2494 usu
1193 2415 1524 2496 adhibere
1571 2416 1925 2505 didicerit,
1991 2417 2192 2551 quod·
2231 2415 2453 2492 solum
2504 2418 2726 2518 perito
2782 2419 3052 2495 medico
3104 2421 3281 2496 duce
3320 2423 3411 2496 ad
3449 2447 3686 2522 aegro-

637 2539 940 2616 tantium
979 2538 1268 2614 lectulos
1305 2537 1568 2618 discere
1603 2545 1854 2635 potest.
1903 2537 2011 2612 lbi
2055 2537 2275 2614 varias
2317 2537 2717 2614 morborum
2758 2539 3046 2628 formaS,
3084 2565 3263 2639 quae
3303 2543 3687 2640 generatim

638 2660 704 2734 81
745 2659 1148 2748 innotuere,
1197 2658 1506 2757 singulas
1549 2656 1908 2732 observare
1955 2656 2276 2746 debebit,
2328 2658 2687 2757 variasque
2726 2659 3275 2758 investigationis
3322 2661 3687 2739 methodos

639 2777 1007 2865 adhibere,
1057 2777 1316 2876 quibus
1355 2783 1636 2875 paretur
1683 2777 1930 2852 notitia
1975 2775 2495 2852 aberrationum
2542 2778 3132 2913 pathologicarum
3177 2789 3302 2854 aut
3348 2781 3683 2855 anatomi-

637 2921 916 3012 carum,
963 2921 1142 2997 quae
1187 2903 1311 2973 aut
1351 2905 1518 2972 sunt
1555 2921 1804 2972 causae
1855 2920 2096 2970 eorum
2145 2921 2326 3031 quae
2368 2897 2851 2988 observantur,
2901 2907 3025 2974 aut
3062 2900 3253 2999 ipsae
3292 2899 3685 2975 efficiuntur

637 3016 760 3107 118,
811 3007 990 3118 quae
1032 3017 1312 3095 noxiam
1357 3017 1498 3117 vim
1543 3017 1619 3093 in
1669 3017 1901 3093 vivum
1954 3017 2429 3117 organismum
2478 3017 2892 3095 habuerunt.
2969 3019 3086 3095 lbi
3132 3019 3424 3121 propriis
3468 3021 3685 3097 oculis

635 3161 914 3231 cernere
963 3137 1284 3227 debebit,
1350 3137 1700 3237 quomodo
1749 3137 1825 3212 in
1881 3137 2284 3213 morborum
2330 3137 2784 3213 similitudine
2832 3140 3091 3239 singuli
3145 3141 3337 3239 aegri
3381 3141 3562 3216 inter
3611 3166 3685 3216 se

601 3282 760 3357 ,pro
794 3257 1080 3347 aetatis,
1129 3280 1378 3348 sexus,
1423 3256 1602 3333 vitae
1633 3256 1919 3333 rationis
1961 3257 2529 3335 dissimilitudine
2572 3256 2895 3333 differant
2909 3292 2929 3347 3
2980 3259 3081 3334 ibi
3116 3284 3481 3360 aegrorum
3517 3286 3679 3337 oon-

635 3378 1078 3454 suetudinem
1153 3376 1292 3451 sibi
1359 3376 1632 3477 parabit
1683 3386 2043 3475 artemque
2093 3378 2604 3479 interrogandi,
2670 3377 2774 3452 ibi
2824 3379 3035 3455 etiam
3084 3379 3160 3452 id
3214 3379 3566 3478 agendum
3615 3380 3680 3454 ei

634 3497 762 3572 erit
832 3505 915 3573 ut
983 3522 1228 3597 aegros
1300 3498 1435 3572 sibi
1492 3498 1808 3573 conciliet
1879 3499 2104 3597 iisque
2173 3522 2328 3573 eam
2391 3498 2654 3573 iniiciat
2712 3498 3041 3573 fiduciam
3116 3507 3195 3572 ut
3252 3498 3465 3573 libere
3519 3523 3681 3573 vera

633 3616 858 3693 dicere
927 3625 1000 3693 et
1061 3618 1390 3693 omnibus
1457 3617 1896 3717 praescriptis
1969 3617 2445 3718 obtemperare
2518 3618 2750 3694 velint.
2872 3618 2951 3691 Si
3041 3642 3199 3692 vero
3272 3626 3677 3717 reputamus

635 3747 896 3837 quanta
966 3740 1058 3813 sit
1129 3738 1533 3815 morborum
1593 3738 1920 3826 varietas,
1986 3738 2245 3835 quibus
2301 3738 2634 3815 miserum
2692 3761 2917 3837 genus
2970 3738 3356 3811 humanum
3401 3744 3509 3813 est
3551 3736 3673 3812 ob-

631 3858 921 3933 noxium
982 3882 1228 3937 omnes
1297 3858 1475 3935 mihi
1539 3857 2016 3933 adsentientur
2081 3858 2531 3934 contendenti
2590 3858 2891 3957 amplam
2964 3856 3195 3957 praxis
3258 3858 3676 3933 exercendae

631 3978 900 4079 copiam
969 3978 1240 4055 medico
1307 4002 1644 4078 perquam
1711 4001 1864 4053 esse
1926 3978 2403 4055 necessariam.
2505 3978 2740 4053 Nolite
2807 3985 3040 4052 tamen
3105 3977 3501 4053 existimare
3560 4002 3675 4051 me

629 4098 979 4197 postulare
1041 4107 1124 4173 ut
1185 4097 1413 4176 omnis
1455 4097 1840 4175 medicinae
1885 4098 2238 4174 studiosus
2283 4104 2569 4173 cunctas
2612 4097 3013 4173 morborum
3061 4097 3317 4172 formas
3357 4123 3519 4173 cum
3566 4099 3674 4172 in-

629 4217 830 4295 finita
883 4219 1212 4295 varietate
1261 4218 1538 4318 propria
1581 4217 2058 4293 observatione
2101 4218 2534 4318 cognoverit,
2599 4217 3008 4316 priusquam
3058 4218 3123 4290 ei
3176 4216 3457 4315 publica
3513 4217 3671 4291 doc-

629 4338 800 4413 toris
861 4338 1012 4413 iura
1069 4338 1568 4413 concedantur:
1636 4361 2000 4436 nunquam
2041 4338 2118 4413 id
2161 4338 2442 4436 assequi
2486 4338 2869 4437 poterimus
2914 4362 3001 4411 ne
3053 4337 3127 4409 in
3176 4338 3481 4413 maxima
3518 4336 3673 4433 qui-

631 4455 794 4533 dem
843 4456 1304 4556 amplitudine
1345 4456 1575 4531 clinici
1593 4514 1616 4544 ,
1665 4456 2096 4533 academicae
2143 4456 2567 4533 institutioni
2608 4456 3064 4532 inservientia.
3152 4442 3448 4531 Etiamsi
3490 4454 3671 4528 mul-

629 4583 860 4653 tarum
909 4600 1138 4654 rerum
1204 4576 1392 4653 felici
1454 4598 1792 4651 concursu
1849 4578 1924 4651 id
1983 4577 2238 4655 tentari
2281 4583 2553 4676 posset,
2603 4599 3014 4675 persuasum
3075 4574 3247 4649 mihi
3298 4581 3406 4646 est
3455 4595 3541 4645 ex
3590 4596 3674 4647 ea

629 4718 704 4771 re
743 4695 1015 4773 medico
1064 4697 1302 4772 futuro
1343 4696 1504 4795 plus
1545 4696 1965 4771 incommodi
2005 4721 2220 4793 quam
2261 4696 2585 4771 utilitatis
2632 4694 3006 4769 oriturum:
3060 4692 3444 4791 periculum
3482 4690 3671 4765 enim

629 4826 812 4891 esset
874 4840 964 4893 ne
1019 4816 1400 4894 multitudo
1451 4839 1684 4891 rerum
1739 4824 2260 4915 conspectarum
2315 4814 2537 4891 maior
2580 4804 2801 4901 esset,
2852 4837 3064 4911 quam
3114 4823 3197 4887 ut
3234 4836 3532 4911 11811888,
3582 4837 3671 4885 118
