4730 6049
1840 652 2398 724 ORATIO.
2921 718 2933 727 ,
3515 657 3644 723 117

586 884 721 935 nus
795 882 1061 935 onorio
1129 860 1463 936 assentior
1542 889 1577 929 ιι
1598 860 1870 937 divinae
1932 844 2257 937 iustitiae
2283 887 2365 937 ac
2417 862 2800 963 sapientiae
2848 864 3054 965 plane
3106 864 3454 940 adversari
3499 874 3644 941 tam

591 978 955 1054 excellenti
1024 979 1233 1055 modo
1304 980 1505 1055 illum
1577 1005 1817 1057 ornare
1839 1040 1860 1070 ,
1937 982 2059 1081 qui
2127 982 2382 1058 falsum
2433 984 2505 1059 in
2555 1010 2632 1060 re
2680 992 2876 1059 tanta
2925 983 3452 1059 commisisset.’'
3551 986 3647 1058 Et

590 1098 783 1175 haud
835 1099 1009 1188 scio,
1070 1092 1161 1175 A'.
1206 1101 1335 1175 A.!
1404 1125 1492 1174 an
1544 1101 1750 1177 multi
1798 1126 1885 1176 ex
1934 1102 2059 1190 iis,
2111 1104 2237 1202 qui
2280 1104 2412 1179 hoc
2459 1104 2531 1179 in
2579 1104 2935 1180 ratiocinio
2983 1105 3239 1179 saltum
3290 1104 3645 1204 quendam

593 1220 701 1296 vel
748 1220 1075 1295 lacunam
1114 1219 1317 1295 nobis
1358 1220 1761 1297 obiicientes
1782 1280 1803 1311 ,
1852 1232 2347 1324 argumentum
2393 1223 2556 1299 inde
2601 1224 2900 1324 petitum
2943 1224 3309 1299 admittere
3355 1225 3606 1298 nolunt
3625 1282 3645 1311 ,

595 1340 694 1416 ita
767 1347 1025 1439 agant,
1094 1339 1284 1414 haud
1354 1341 1529 1417 adeo
1550 1401 1571 1431 ,
1640 1344 1833 1443 quod
1902 1345 2575 1445 argumentationem
2638 1345 2830 1421 illam
2900 1370 3217 1421 mancam
3275 1351 3346 1418 et
3394 1344 3687 1447 imper-„fl

596 1458 849 1534 fectam
916 1483 1067 1534 esse
1135 1461 1479 1550 sentiant,
1548 1463 1671 1538 sed
1713 1464 1935 1539 multo
1984 1465 2209 1565 magis
2255 1466 2588 1565 quoniam
2641 1466 2942 1541 reditum
2990 1492 3029 1540 e
3077 1464 3370 1539 mortuis
3417 1488 3646 1562 neque

598 1580 861 1655 factum
918 1604 1071 1654 esse
1122 1604 1349 1681 neque
1400 1582 1551 1656 fieri
1597 1608 1801 1682 posse
1820 1642 1841 1672 ,
1890 1590 2078 1659 certo
2125 1584 2382 1659 certius
2437 1584 2570 1657 sibi
2613 1582 3101 1686 persuaserint.
3159 1622 3252 1643 -·
3299 1583 3654 1656 Ponamus
3737 1596 3764 1607 “

602 1724 760 1777 vero
826 1722 1047 1775 nescu
1117 1724 1260 1774 non
1330 1726 1565 1778 revera
1626 1702 1700 1777 in
1770 1703 1957 1777 vivos
2022 1703 2331 1779 rediisse.
2436 1704 2548 1778 Ita
2592 1704 3037 1803 gravissimae
3077 1702 3515 1802 quaestiones
3566 1696 3665 1776 de'

602 1846 769 1912 msc
826 1822 981 1921 ipso
1002 1880 1023 1910 ‚
1090 1821 1181 1895 de
1236 1821 1387 1897 eius
1442 1824 1685 1899 mortis
1738 1824 2023 1900 consilio
2044 1884 2063 1913 ,
2116 1825 2204 1899 de
2248 1826 2550 1923 gloriosa
2599 1826 2748 1900 eius
2791 1824 2930 1898 vita
2981 1824 3053 1897 in
3105 1822 3346 1910 coelis,
3398 1822 3486 1895 de
3531 1845 3653 1919 po·

604 1950 858 2019 testate
923 1967 965 2016 a
1028 1942 1235 2017 Patre
1304 1942 1442 2042 ipsi
1505 1945 1923 2021 demandata
1943 2003 1963 2034 ,
2034 1944 2334 2021 dubium
2400 1952 2471 2019 et
2530 1946 2815 2019 anxium
2862 1944 3176 2019 animum
3225 1941 3535 2017 cruciant
3589 1950 3660 2017 et

606 2062 993 2139 sollicitant.
1094 2062 1255 2138 Nisi
1317 2061 1521 2139 uisus
1596 2064 1669 2139 in
1738 2064 1925 2139 vivos
1973 2064 2288 2153 redierit,
2338 2075 2590 2140 cuncta
2641 2064 3030 2139 teterrimae
3079 2062 3300 2137 noctis
3353 2060 3654 2160 caligine

608 2181 1077 2281 obteguntur,
1144 2192 1215 2257 et
1281 2183 1705 2259 horrendum
1770 2184 1963 2259 istud
2026 2185 2445 2286 supplicium
2465 2244 2486 2274 ‚
2537 2185 2652 2260 cui
2700 2185 3046 2258 insontem
3091 2183 3290 2259 illum
3331 2181 3667 2257 traditum

612 2302 847 2391 viden,
910 2326 1053 2377 non
1127 2302 1427 2402 amplius
1502 2304 1675 2379 mihi
1747 2304 2007 2378 divini=
2038 2314 2147 2379 est
2212 2304 2472 2404 pignus
2541 2304 2798 2380 amoris
2818 2362 2839 2393 ,
2911 2310 3020 2391 at,
3091 2303 3150 2377 si
3212 2302 3385 2401 quid
3439 2301 3628 2375 aliud
3651 2359 3670 2388 ‚

511 2473 520 2482 -
613 2422 920 2498 divinam
986 2422 1501 2499 Providentiam
1576 2424 1651 2497 in
1722 2424 2022 2499 dubium
2093 2433 2291 2499 vocat
2352 2468 2457 2483 —
2537 2453 2573 2494 ιι
2598 2424 2794 2501 Quid
2863 2423 2962 2497 ita
2979 2424 3060 2496 P'’
3130 2422 3305 2496 mihi
3350 2420 3670 2495 obiicitis.

564 2618 587 2642 ⁹
623 2543 933 2617 nNonne
997 2566 1241 2632 uisne,
1309 2543 1581 2619 etiamsi
1648 2544 1838 2619 haud
1901 2544 2156 2618 visibili
2208 2528 2476 2619 ratione
2527 2570 2600 2618 se
2648 2551 2808 2643 post
2857 2549 3151 2617 mortem
3211 2542 3356 2615 suis
3403 2539 3672 2637 conspi-

618 2663 941 2738 ciendum
1010 2663 1279 2738 dederit
1302 2666 1402 2757 ²⁸)
1428 2722 1447 2752 ,
1508 2662 1581 2737 in
1652 2664 1795 2739 vita
1842 2664 2047 2739 beata
2099 2671 2172 2740 et
2222 2664 2596 2740 immortali
2641 2663 2877 2737 Deum
2922 2668 3509 2735 remuneratorem
3553 2660 3675 2733 ha-

621 2783 817 2869 buit,
870 2783 978 2858 vel
1023 2782 1278 2857 habere
1322 2783 1551 2882 potuit
1571 2784 1653 2855 1³⁹³
1704 2828 1802 2841 -
1852 2784 2094 2858 Potuit
2138 2809 2302 2860 sane
2317 2818 2336 2873 ;
2391 2793 2471 2859 ut
2515 2783 2772 2858 scilicet
2817 2783 2948 2856 hoc
2985 2806 3256 2881 sperare
3299 2788 3370 2854 et
3402 2778 3680 2855 credere

624 2902 728 2977 fas
790 2911 943 2990 est,
1013 2902 1101 2977 de
1158 2902 1405 3000 quovis
1452 2902 1672 3002 probo
1725 2904 1981 3003 pioque
2004 2964 2023 2994 ,
2074 2904 2277 2979 cuius
2324 2913 2560 2979 tamen
2610 2902 2812 2978 sortis
2857 2902 3072 2976 nescii
3121 2926 3384 2976 sumus,
3487 2898 3685 2979 Quid

628 3047 785 3098 vero
854 3021 944 3099 de
1022 3029 1364 3122 potestate
1430 3048 1473 3097 a
1540 3022 1747 3100 Patre
1814 3026 1953 3125 ipsi,
1998 3026 2419 3102 demandata
2469 3024 2820 3101 statuam?
2921 3022 3068 3098 Cur
3113 3021 3314 3096 illum
3357 3020 3449 3096 ad
3495 3045 3686 3096 sum-

632 3170 827 3220 mum
868 3145 1127 3243 gloriae
1172 3144 1449 3219 culmen
1494 3152 1812 3219 evectum
1858 3145 2187 3220 credam?
2274 3144 2392 3219 Ob
2436 3143 2932 3244 Apostolorum
2971 3141 3225 3217 effata?
3275 3141 3399 3240 qui
3435 3139 3686 3213 firmis·-

634 3263 879 3339 simam
954 3265 1135 3338 hanc
1203 3288 1405 3339 suam
1476 3265 1993 3363 persuasionem
2047 3265 2275 3340 eidem
2330 3273 2578 3341 evento
2629 3271 2835 3357 (vano
2881 3261 3140 3335 scilicet
3185 3286 3265 3335 ac
3311 3260 3512 3352 falso)
3573 3284 3687 3334 su-

634 3393 815 3483 perat
925 3385 1171 3472 ‘erint,
1224 3383 1347 3482 qui
1408 3384 1691 3458 somniis
1740 3409 1819 3460 ac
1876 3386 2259 3461 visionibus
2310 3384 2622 3484 decepti,
2671 3406 2833 3456 cum
2893 3381 2980 3455 de
3028 3381 3178 3456 eius
3221 3388 3443 3453 morte
3463 3436 3483 3465 ,
3535 3386 3692 3452 tum

640 3505 725 3580 de
790 3530 945 3579 erus
1007 3504 1288 3579 coelesti
1354 3504 1575 3604 gloria
1634 3529 1761 3605 pro
1821 3505 2105 3580 modulo
2157 3531 2283 3582 suo
2333 3502 2802 3607 philosophati
2855 3500 3044 3576 sint?
3093 3539 3192 3558 —-
3243 3497 3383 3571 Sed
3435 3497 3693 3571 iterum

640 3650 751 3700 me
810 3626 1319 3724 interrogantes
1380 3632 1593 3723 atque
1662 3624 2249 3725 interrumpentes
2310 3624 2548 3699 audio:
2657 3651 2693 3692 ιι
2712 3620 3000 3695 Adeone
3063 3626 3145 3693 tu
3193 3616 3402 3691 etiam
3461 3613 3696 3690 omnia

642 3745 778 3846 huc
826 3743 1097 3819 trahis?
1194 3745 1397 3820 Itane
1451 3751 1537 3818 tu
1584 3746 1796 3820 etiam
1840 3746 2075 3845 ipsam·
2114 3744 2466 3844 religionis
2505 3741 2939 3817 Christianae
2985 3739 3340 3813 veritatem
3361 3792 3380 3825 ,
3431 3735 3522 3812 ab
3567 3735 3698 3808 hoc

643 3847 823 3940 facto
843 3921 865 3953 ,
942 3865 1085 3940 sive
1154 3889 1311 3938 vero
1388 3864 1531 3939 sive
1594 3865 1767 3939 falso
1786 3923 1807 3954 ‚
1868 3865 2169 3964 pendere
2238 3861 2490 3937 statuis
2506 3861 2588 3934 ?”
2637 3905 2739 3918 -—
2785 3861 3105 3934 Fortasse
3124 3915 3144 3946 ‚
3197 3855 3295 3931 sic
3343 3863 3658 3930 statuens
3679 3911 3699 3940 ,

648 4007 949 4061 numm
1018 3985 1441 4082 Apostolum
1522 3985 1698 4059 mihi
1762 3985 2253 4060 assentientem
2320 3981 2648 4057 haberem
2678 3979 2805 4072 ²⁹).
2905 3977 3051 4053 Hic
3094 4001 3252 4052 vero
3296 3973 3704 4074 respondeo·

648 4104 883 4180 Multa
960 4103 1203 4178 saltem
1267 4097 1487 4202 eaque
1551 4105 1787 4202 gravia
1850 4129 1929 4180 ac
1987 4128 2241 4204 magna
2259 4160 2279 4191 ,
2343 4099 2841 4176 resurrectione
2893 4121 3060 4173 lnsu
3104 4097 3354 4171 reiecta
3373 4153 3394 4184 ‚
3443 4096 3704 4170 incerta

652 4223 850 4298 reddi
916 4223 1279 4298 contendo.
1344 4269 1449 4282 —
1522 4254 1558 4293 ιι
1580 4225 1779 4298 Tune
1852 4224 2069 4324 igitur
2129 4223 2390 4297 oblitus
2437 4245 2513 4295 es
2533 4279 2554 4310 ‚
2605 4226 3028 4318 quantopere
3079 4215 3382 4291 externis
3433 4216 3705 4288 interna

654 4349 1069 4443 argumenta
1138 4346 1545 4442 praestent?
1618 4345 1817 4418 Tune
1877 4341 2136 4417 oblitus
2186 4365 2259 4414 es
2307 4340 2514 4438 longe
2571 4336 2822 4412 melius
2870 4345 2942 4411 et
2989 4335 3286 4410 validius
3335 4353 3705 4430 argumen-

656 4469 811 4536 tum
878 4485 1043 4537 cum
1118 4487 1157 4537 e
1231 4463 1581 4548 doctrinae
1645 4460 2066 4565 praestantia
2083 4517 2105 4549 ‚
2176 4467 2330 4534 tum
2387 4457 2732 4557 imprimis
2783 4482 2823 4531 e
2872 4455 3304 4532 sanctissima
3354 4472 3516 4524 rnsu
3567 4447 3708 4520 vita

660 4588 871 4680 atque
932 4580 1171 4657 indole
1238 4583 1429 4680 peti,
1496 4608 1636 4682 qua
1682 4580 2258 4682 perfectissimum
2306 4577 2842 4678 perfectissimae
2891 4575 3166 4650 virtutis
3207 4570 3428 4647 edidit
3474 4591 3708 4642 exem-

658 4701 859 4800 plum
885 4759 905 4788 ,
975 4701 1091 4776 cui
1152 4702 1401 4778 intima
1464 4703 1751 4779 rationis
1813 4710 1883 4777 et
1940 4699 2396 4776 conscientiae
2449 4705 2722 4774 nostrae
2771 4719 2902 4770 vox
2950 4718 3090 4768 non
3143 4690 3520 4767 acclamare
3571 4710 3712 4762 non

663 4819 885 4918 possit
906 4820 988 4892 P'’
1046 4866 1151 4884 -
1214 4816 1661 4922 Respondete
1725 4846 2036 4923 possem:
2114 4820 2249 4896 nisi
2310 4841 2516 4895 rasus
2586 4817 2646 4890 is
2713 4814 2922 4890 fuerit
2943 4873 2965 4905 ‚
3033 4838 3245 4914 quem
3307 4818 3528 4886 semet
3568 4809 3718 4910 ipse
