4730 6049
1090 629 1223 695 112
2276 626 2349 697 B.
2407 626 2614 694 TER
2685 624 3021 695 HAAR*

1086 835 1454 935 Euangelii
1520 834 1810 909 nuncios
1879 833 1979 909 sic
2046 834 2448 933 alloquens:
2534 864 2571 903 n
2587 834 2810 929 ὑμεῖς
2883 832 3270 934 μάρτυρες
3342 833 3632 911 τούτων
3653 832 3718 926 ⁸)
3743 832 3821 907 l”
3949 832 4144 913 Quid

1084 954 1453 1055 Apostoli?
1536 953 1733 1033 Quid
1790 956 2115 1030 ursus?
2198 954 2400 1034 Quid
2455 954 2813 1031 rannus?
2880 952 3082 1033 Quid
3123 954 3494 1029 manns?
3569 952 3642 1029 A
3687 974 4010 1029 cna1sro
4053 952 4143 1031 iis

1080 1075 1481 1152 exordium!
1552 1074 1628 1149 in
1689 1096 2004 1149 cmusro
2070 1074 2265 1150 finis!
2382 1074 2666 1150 Praeter
2733 1094 3115 1149 cnms'rmt
3173 1096 3480 1174 eumque
3545 1071 3978 1149 crucifixum
4043 1070 4145 1151 nil

1079 1196 1253 1272 scire
1315 1194 1631 1294 cupiunt.
1746 1192 2063 1269 Glorioso
2128 1194 2279 1269 eius
2333 1194 2408 1269 in
2477 1192 2690 1269 vitam
2753 1191 3012 1269 reditui
3069 1192 3528 1269 certissimam
3599 1190 4142 1270 Christianorum

1079 1340 1277 1416 spem
1344 1320 1854 1414 superstruunt.
1967 1312 2086 1389 Ab
2148 1312 2301 1391 eius
2348 1313 2666 1414 exemplo
2711 1320 2786 1389 et
2835 1312 3172 1414 singulari
3225 1336 3392 1413 erga
3435 1336 3564 1389 nos
3609 1336 3845 1389 amore
3862 1370 3886 1402 ,
3949 1336 4140 1415 prae·

1074 1443 1275 1538 cepta
1296 1494 1317 1526 ,
1378 1435 1832 1529 ‚incitamenta
1851 1492 1874 1523 ,
1940 1432 2345 1511 adiumenta
2413 1432 2688 1509 virtutis
2736 1440 3088 1534 repetunt.
3185 1430 3422 1510 Vitam
3471 1438 3825 1509 aeternam
3845 1490 3868 1523 ‚
3932 1432 4143 1509 vitam

1074 1580 1232 1631 vere
1295 1553 1574 1631 vitalem
1594 1611 1616 1643 ,
1674 1553 1753 1627 in
1814 1576 1983 1630 msc
2042 1552 2510 1653 quaerendam
2529 1610 2552 1645 ,
2617 1552 2694 1629 in
2755 1576 2924 1631 msc
2981 1550 3526 1654 adspectabilem
3583 1577 3660 1629 se
3717 1550 3938 1629 oculis
3981 1576 4141 1631 con·

1076 1675 1383 1776 spexisse
1399 1733 1421 1766 ,
1470 1673 1759 1751 auribus
1809 1662 2197 1776 percepisse
2214 1732 2237 1765 ,
2288 1673 2618 1751 manibus
2669 1674 2816 1751 suis
2857 1680 3318 1752 contrectasse
3361 1671 3676 1773 gaudent
3723 1680 3798 1749 et
3846 1672 4141 1773 glorian-

1070 1803 1209 1872 tur.
1310 1794 1510 1874 Quid
1574 1793 1943 1895 Euangelii
2003 1794 2157 1894 ipsa
2200 1795 2386 1871 vox?
2482 1794 2738 1872 Nonne
2783 1795 3010 1871 laetus
3056 1790 3175 1869 ille
3221 1793 3564 1869 nuncius:
3635 1792 3874 1870 Deum
3919 1789 4144 1869 filium

1074 1939 1286 1991 suum
1352 1914 1479 1989 has
1540 1914 1617 1989 in
1668 1922 1884 1989 terras
1928 1912 2237 2005 misisse,
2300 1914 2514 1991 morti
2557 1912 2966 2003 tradidisse,
3015 1912 3090 2001 in
3130 1911 3346 1988 vitam
3393 1936 3747 1989 revocasse
3766 1939 3812 2001 ,¹
3837 1910 3916 1989 in
3957 1910 4145 1988 coelo

1068 2033 1511 2109 constituisse
1549 2034 1917 2110 hominum
1956 2034 2562 2123 conservatorem,
2598 2034 2798 2135 regni
2827 2031 3148 2111 coelestis
3186 2032 3461 2133 Regem
3499 2057 3580 2109 00
3615 2030 4011 2133 Principem
4044 2074 4146 2093 -—

1066 2153 1495 2229 Historicam
1544 2152 1897 2253 religionis
1940 2152 2378 2229 Christianae
2412 2152 2720 2234 indolem
2763 2154 2932 2229 satis
2965 2176 3313 2254 superque
3333 2152 3764 2229 demonstrat
3783 2152 3899 2247 ⁴)?
3947 2150 4144 2231 Quid

1070 2274 1375 2375 denique
1440 2280 1801 2377 κήρυγμα
1870 2282 2033 2353 τῶν
2096 2270 2566 2353 annovam
2631 2280 3158 2375 ceterorumque
3227 2273 3598 2375 Euangelii
3681 2296 4143 2374 praeconum,

1066 2418 1485 2495 quocunque
1550 2419 1627 2469 se
1698 2394 1790 2469 ad
1842 2393 1972 2469 hoc
2018 2394 2492 2495 Euangelium
2531 2394 2812 2496 populis
2859 2392 3338 2471 nunciandum
3395 2392 3858 2486 contulerint,
3923 2418 4142 2494 quan·

1066 2523 1223 2591 tum
1282 2514 1371 2589 de
1434 2514 1554 2590 illo
1602 2539 1691 2589 ex
1748 2513 1901 2614 ipsa
1947 2513 2263 2591 Historia
2312 2514 2684 2591 novimus?
2782 2514 3039 2589 Nonne
3083 2511 3329 2589 illud
3305 2537 3384 2590 ιιι
3431 2536 3600 2590 uisu
3649 2512 3832 2603 vita,
3899 2511 4144 2605 dictis,

1062 2634 1304 2725 factis,
1352 2632 1515 2710 fatis
1564 2633 2011 2722 enarrandis,
2060 2631 2152 2710 ab
2198 2658 2283 2709 eo
2326 2633 2494 2710 inde
2541 2640 2892 2734 tempore,
2943 2656 3086 2734 quo
3127 2630 3465 2733 baptismi
3511 2633 3654 2709 ritu
3701 2632 4018 2709 initiatus
4069 2632 4146 2711 in

1060 2753 1408 2853 publicam
1467 2752 1838 2854 prodiisset
1894 2778 2175 2831 scenam
2188 2812 2211 2843 ,
2282 2754 2508 2832 donee
2553 2754 2878 2831 coelestia
2925 2752 3324 2831 habitacula
3367 2752 3570 2829 illum
3613 2752 3998 2854 reciperent
4047 2794 4146 2813 --

1060 2872 1202 2948 fere
1262 2876 1493 2945 totum
1559 2876 1911 2945 versatum
1974 2894 2127 2945 esse
2146 2928 2167 2959 ,
2230 2870 2433 2947 valde
2477 2872 2834 2971 probabile
2887 2879 2996 2947 est
3017 2872 3111 2966 ὅ).
3215 2872 3434 2955 Quod
3484 2896 3710 2972 quum
3757 2871 3940 2947 bene
3988 2896 4142 2973 per-

1061 2990 1437 3091 pendimus
1452 3048 1473 3080 ,
1525 2974 1855 3090 magnam
1913 2988 2105 3067 illam
2161 3014 2243 3067 ac
2282 2990 2672 3069 mirabilem
2713 3016 2946 3070 rerum
2994 2991 3544 3086 conversionem,
3594 3017 3807 3095 quae,
3855 2992 4150 3070 feliciter

1065 3111 1141 3185 in
1186 3111 1538 3186 mundum
1573 3109 1971 3186 introducta
2005 3135 2086 3187 00
2125 3119 2508 3213 propagata
2545 3113 2877 3215 religione
2913 3114 3342 3204 Christiana,
3391 3139 3674 3192 omnem
3714 3113 3858 3190 fere
3897 3113 4149 3192 orbem

1064 3238 1405 3306 terrarum
1482 3229 1819 3319 mutavit,
1894 3229 2120 3306 multo
2186 3232 2413 3333 magis
2475 3241 2794 3310 narratae
2858 3233 3214 3310 Historiae
3293 3259 3506 3334 quam
3583 3233 3936 3335 expositae
4019 3231 4146 3310 do-

1066 3350 1325 3425 ctrinae
1360 3351 1423 3444 ⁰)
1474 3355 1827 3450 acceptam
1872 3375 2023 3426 esse
2071 3351 2504 3430 referendam
2518 3412 2541 3445 ‚
2593 3361 2894 3430 statuam
2903 3378 2983 3430 us
3027 3379 3108 3430 ac
3151 3352 3648 3430 concludamus
3687 3377 3972 3430 necesse
4011 3359 4145 3432 est.

1163 3469 1363 3545 Nihil
1426 3469 1644 3570 igitur
1710 3477 1859 3560 est,
1926 3472 2118 3570 quod
2176 3472 2513 3550 miremur
2560 3475 2684 3550 A.1
2753 3457 2882 3550 A.!
2949 3475 3287 3552 Doctores
3347 3473 3870 3552 Ecclesiasticos
3913 3473 4148 3550 omnis

1063 3591 1207 3666 fere
1249 3590 1581 3690 temporis
1624 3615 1705 3664 ac
1750 3589 1882 3664 loci
1919 3590 1993 3666 in
2034 3591 2357 3676 historica
2397 3593 2516 3669 illa
2561 3592 2914 3695 religionis
2955 3594 3388 3672 Christianae
3426 3594 3660 3672 indole
3701 3594 4152 3695 agnoscenda

1063 3710 1445 3810 magnique
1514 3709 1945 3786 aestimanda
2028 3712 2195 3788 satis
2260 3713 2482 3789 amice
2541 3715 2996 3815 conspirasse.
3115 3715 3534 3792 Instauratis
3603 3721 3844 3790 autem
3915 3715 4152 3792 Sacris

1070 3831 1403 3931 Theologi
1462 3831 1935 3908 Protestantes
1952 3890 1974 3922 ‚
2046 3857 2188 3932 quo
2250 3833 2476 3934 magis
2541 3834 2891 3910 Ecclesiae
2934 3836 3344 3912 auctoritate
3394 3836 3646 3912 reiecta
3661 3893 3684 3926 ‚
3733 3834 3870 3912 alia
3917 3860 4151 3937 eaque

1072 3951 1241 4026 satis
1284 3951 1497 4026 firma
1553 3950 1707 4025 basi
1769 3951 2202 4052 indigerent,
2268 3952 2376 4027 vel
2419 3953 2632 4029 etiam
2679 3979 2900 4054 quum
2947 3979 3189 4030 eorum
3233 3955 3550 4031 nonnulli
3603 3955 3740 4050 (uti
3789 3955 4154 4032 Sociniani

1071 4079 1143 4146 et
1190 4071 1793 4162 Remenstrantcs)
1846 4071 2320 4147 testimonium
2338 4131 2359 4162 ,
2411 4073 2603 4172 quod
2648 4073 2903 4150 dicitur
2957 4075 3256 4174 Spiritus
3295 4075 3570 4166 Sancti,
3618 4099 3870 4175 parum
3913 4075 4151 4152 valere

1070 4190 1160 4265 ad
1207 4188 1771 4290 persuadendum
1819 4189 2313 4292 intelligerent,
2364 4217 2449 4268 00
2485 4194 2762 4269 maioris
2811 4194 3236 4272 Historicam
3277 4195 3468 4271 illam
3507 4193 3882 4295 religionis.
3907 4193 4150 4270 Chris-

1069 4310 1299 4386 tianae
1359 4309 1666 4385 indolem
1720 4309 1944 4386 facere
1993 4320 2386 4411 coeperunt.
2490 4313 2697 4389 Hanc
2749 4338 2974 4390 arcem
2994 4373 3016 4405 ‚
3084 4315 3215 4392 hoc
3273 4316 3880 4417 propugnaculum
3929 4313 4155 4406 fidei,

1068 4428 1201 4506 hoc
1265 4429 1879 4506 armamentarium
1927 4430 2186 4505 duxere
2205 4490 2226 4520 ,
2298 4431 2490 4508 unde
2539 4457 2731 4509 arma
2774 4434 2916 4509 sint
2961 4435 3301 4534 petenda,
3373 4436 3464 4511 ad
3499 4434 3860 4536 religionis
3908 4432 4154 4510 Palla-

1072 4549 1269 4623 dium
1325 4549 1416 4623 ab
1481 4549 1671 4623 omni
1736 4548 2281 4625 adversariorum
2330 4553 2400 4626 vi
2444 4559 2516 4626 et
2558 4553 2828 4654 impetu
2875 4554 3274 4631 tutandum.
3373 4555 3606 4630 Instar
3647 4553 3966 4630 omnium
4029 4551 4158 4630 hic

1071 4667 1463 4742 laudandus
1504 4677 1610 4743 est
1656 4666 2143 4744 celeberrimus
2195 4671 2311 4746 ille
2358 4682 2626 4750 nostras
2672 4699 2876 4751 nuno
2921 4697 3273 4765 oannes,
3326 4674 3450 4775 qui
3489 4671 3722 4750 libello
3761 4698 3891 4750 000
3921 4697 4158 4750 aureo

1075 4790 1159 4860 de
1221 4791 1509 4862 veritate
1570 4789 1919 4888 relzssqiomb
1996 4790 2428 4869 Christianae
2443 4851 2466 4884 ,
2535 4817 2698 4870 cum
2759 4794 3062 4870 externis
3109 4804 3264 4871 tum
3315 4795 3608 4872 internis
3653 4795 4108 4897 argumentis
4129 4853 4154 4884 ,
