4730 6049
931 633 1018 698 52
2039 634 2090 699 1.
2159 635 2230 702 E.
2299 630 2872 700 Gonnsml'r

933 837 1206 926 videat3
1257 863 1468 936 quem
1511 838 1746 914 denuo
1795 838 2160 938 scopulum
2203 838 2266 912 is
2307 839 2495 913 solus
2536 838 2825 914 evitabit
2844 899 2865 928 ‚
2917 841 3041 939 qui
3081 838 3515 938 antiquitatis
3552 847 3625 914 et
3667 840 3991 916 historiae

936 959 1222 1034 scientia
1276 958 1592 1032 imbutus
1610 1016 1631 1047 ,
1698 960 1886 1032 Ictos
1941 983 2068 1032 sua
2130 958 2443 1056 ipsorum
2506 959 2749 1058 lingua
2797 959 3159 1059 loquentes
3208 959 3593 1058 intelligere
3641 968 3851 1059 atque
3891 960 3995 1034 ita

935 1080 1120 1153 i‘usta
1189 1078 1454 1152 ratione
1523 1078 1906 1153 discernere
1977 1078 2333 1165 didicerit,
2406 1078 2579 1178 quid
2636 1078 2723 1152 iis
2784 1081 3142 1179 proprium
3202 1088 3274 1153 et
3330 1105 3375 1153 a
3428 1080 3635 1155 nobis
3687 1080 3991 1155 alienum

938 1197 1340 1272 habendum
1363 1257 1384 1288 ,
1437 1200 1611 1298 quid
1657 1199 1986 1274 omnibus
2032 1224 2403 1275 commune
2452 1199 2543 1273 ab
2590 1198 2917 1274 omnibus
2966 1199 3527 1299 amplectendum
3576 1201 3686 1274 sit.

1033 1798 1277 1874 Quum
1335 1797 1552 1895 igitur
1619 1796 1836 1870 tantis
1895 1794 2298 1870 nominibus
2371 1820 2519 1869 sese
2571 1795 3009 1870 commendet
3058 1794 3374 1869 studium
3426 1796 3597 1869 iuris
3654 1794 3992 1882 Romani,

929 1915 1166 1989 mirari
1228 1916 1454 2004 subit,
1522 1941 1648 1990 cur
1686 1917 1758 1990 in
1807 1915 2028 2014 patria
2071 1923 2310 1989 nostra
2359 1915 2485 1989 ubi
2531 1915 2699 1989 olim
2747 1913 3065 2013 inprimis
3120 1913 3396 2002 floruit,
3463 1915 3743 1990 nonnisi
3792 1913 3995 2013 pauci

928 2034 1409 2123 inveniantur,
1485 2036 1609 2133 qui
1681 2044 1829 2109 toto
1895 2044 2170 2135 pectore
2215 2035 2390 2110 illud
2437 2035 2986 2133 amplectantur,
3048 2034 3167 2108 alii
3210 2035 3333 2132 qui
3378 2034 3753 2108 insolenter
3802 2035 3993 2109 fasti-

931 2155 1164 2243 diant,
1235 2155 1351 2229 alii
1424 2156 1548 2253 qui
1613 2181 1777 2230 cum
1847 2156 2158 2229 discendi
2219 2156 2604 2255 cupiditate
2656 2155 2921 2230 incensi
2964 2154 3455 2242 accessissent,
3520 2154 3719 2229 facile
3773 2155 3863 2229 ab
3912 2179 3993 2229 eo

930 2299 1078 2348 sese
1145 2274 1473 2348 deterreri
1531 2275 1716 2373 passi
1781 2275 1922 2348 sint
1977 2283 2046 2348 et
2104 2274 2218 2348 vix
2275 2284 2599 2375 coeptum
2650 2299 2829 2374 opus
2875 2299 3037 2348 mox
3092 2273 3605 2372 dereliquerint.
3708 2276 3804 2348 Et
3857 2275 3992 2372 pri·

927 2419 1125 2468 mum
1195 2393 1482 2492 quidem
1543 2394 1672 2468 hoc
1735 2395 2190 2469 tribuendum
2261 2396 2537 2470 videtur
2599 2395 2815 2470 seculi
2876 2394 3198 2493 ingeni0,
3266 2419 3477 2493 prope
3530 2394 3757 2468 dicam
3805 2394 3991 2468 vitio.

927 2515 1036 2587 Ex
1071 2537 1210 2612 quo
1249 2512 1437 2589 enim
1477 2514 1836 2612 apparuit,
1887 2521 2230 2613 quantum
2273 2516 2362 2589 ad
2407 2516 2774 2590 hominum
2817 2515 3155 2588 utilitates
3185 2521 3256 2586 et
3284 2514 3651 2588 commoda
3674 2513 3995 2612 augenda

928 2634 1150 2707 valeat
1199 2657 1361 2706 cum
1410 2658 1494 2707 ea
1543 2633 2018 2734 philosophiae
2066 2660 2226 2734 pars
2247 2693 2266 2723 ,
2318 2659 2501 2732 quae
2554 2643 2865 2709 versatur
2910 2634 2981 2707 in
3030 2633 3447 2732 indagandis
3498 2641 3789 2708 naturae
3838 2632 3995 2706 viri-

926 2753 1064 2827 bus
1130 2753 1542 2852 legibusque
1611 2754 1872 2851 quibus
1919 2754 2194 2852 singula
2241 2763 2627 2854 reguntur,
2690 2763 2845 2828 tum
2896 2779 2979 2828 ea
3032 2752 3397 2850 disciplina
3438 2777 3579 2850 qua
3624 2752 3994 2839 docemur,

931 2873 1280 2972 quomodo
1323 2873 1602 2947 divitiae
1645 2872 2092 2946 obtineantur
2129 2881 2200 2946 et
2246 2873 2788 2960 distribuantur,
2824 2873 2913 2947 ab
2958 2897 3041 2945 eo
3078 2871 3241 2945 inde
3282 2879 3592 2969 tempore
3635 2871 3997 2946 hominum

927 3001 1198 3067 mentes
1275 2999 1346 3065 et
1413 2990 1865 3090 cogitationes
1937 2992 2193 3067 sensim
2263 2992 2659 3093 sensimque
2730 2992 3177 3068 vertebantur
3238 2991 3329 3065 ad
3396 2992 3473 3065 id
3530 2992 3999 3067 doctrinarum

929 3137 1154 3212 genus
1177 3170 1198 3199 ,
1249 3136 1426 3209 quae
1469 3112 1560 3185 ad
1613 3111 1790 3185 bene
1835 3111 2178 3211 beateque
2229 3113 2957 3213 vivendum-proxime
3004 3112 3255 3186 referre
3304 3112 3721 3189 viderentur.
3790 3110 3995 3186 Unde

929 3258 1092 3307 cum
1157 3230 1573 3330 infatigabili
1635 3238 1708 3303 et
1785 3231 2120 3307 laudabili
2185 3258 2351 3309 sane
2400 3258 2579 3309 nova
2634 3232 2945 3308 sectandi
2991 3231 3233 3306 ardore
3256 3289 3275 3319 ,
3324 3232 3584 3306 nimius
3630 3238 3842 3329 atque
3890 3231 3994 3305 in·

929 3353 1157 3426 iustus
1232 3351 1594 3425 vetustatis
1667 3359 2058 3427 contemtus
2127 3362 2198 3427 et
2264 3355 2465 3453 quasi
2526 3378 2761 3429 revera
2822 3377 3045 3427 novus
3106 3352 3197 3426 ab
3268 3352 3547 3451 integro
3607 3353 3997 3427 seculorum

929 3480 1325 3547 nasceretur
1383 3472 1592 3560 ord0,
1663 3472 2012 3571 quidquid
2077 3473 2565 3572 antiquitatem
2623 3472 2930 3547 redoleat
2982 3472 3367 3546 contemtui
3420 3472 3673 3547 habere
3694 3531 3714 3561 ,
3782 3473 3875 3546 ad
3922 3470 3998 3543 id

933 3600 1207 3667 tantum
1252 3592 1444 3690 quod
1491 3592 1726 3680 adest,
1779 3592 2108 3692 quodque
2152 3600 2478 3694 praesens
2524 3602 2631 3668 est
2687 3592 3015 3693 quodque
3064 3600 3301 3666 nostra
3349 3592 3731 3690 procreavit
3770 3600 3993 3679 aetas,

800 3782 808 3791 ,
937 3736 1088 3787 sese
1163 3712 1606 3786 accomodare
1675 3722 2070 3811 coeperunt.
2171 3715 2449 3789 Malum
2523 3714 2731 3787 hocce
2806 3713 2914 3786 uti
2984 3712 3301 3785 universe
3369 3713 3618 3810 serpit,
3692 3711 3789 3786 ita
3860 3711 3997 3784 iuri

937 3832 1258 3906 Romano
1296 3831 1436 3905 iam
1486 3831 1748 3905 bellum
1805 3832 2184 3909 minitatur.
2285 3836 2380 3908 Et
2426 3835 2633 3909 sicuti
2685 3858 2909 3931 nuper
2957 3830 3137 3919 fuit,
3206 3832 3331 3929 qui
3376 3855 3627 3930 pueros
3676 3831 3747 3905 in
3800 3856 3995 3931 gym-

938 3950 1290 4025 nasiorum
1339 3950 1683 4025 subselliis
1725 3953 2042 4027 sedentes
2088 3978 2226 4029 non
2273 3953 2517 4053 lingua
2568 3956 2833 4027 Graeca
2874 3952 2997 4025 sed
3042 3951 3349 4049 zoologia
3394 3950 3813 4025 imbuendos
3850 3974 3998 4025 esse

943 4069 1122 4143 serio
1185 4069 1540 4158 suaderet,
1617 4096 1800 4160 mox,
1839 4074 1898 4146 si
1954 4074 2151 4147 Deus
2211 4074 2405 4161 vult,
2470 4073 2890 4171 reperietur,
2942 4071 3065 4168 qui
3112 4070 3486 4169 dupondiis
3538 4078 3779 4144 auctor
3828 4070 3995 4155 erit,

943 4195 1028 4261 ut
1066 4186 1236 4262 iuris
1287 4189 1630 4264 elementa
1675 4211 1814 4263 non
1864 4190 1954 4265 ab
2001 4190 2493 4290 Imperialibus
2530 4189 3102 4265 institutionibus
3142 4200 3465 4289 appetere
3488 4248 3507 4277 ,
3561 4190 3685 4263 sed
3730 4216 3771 4264 a
3812 4213 3997 4263 com·

943 4308 1200 4408 pendio
1266 4309 1570 4407 quodam
1638 4310 1938 4408 practico
1956 4370 1977 4398 ,
2045 4338 2090 4385 a
2162 4309 2397 4385 nescio
2468 4310 2773 4408 quodam
2838 4309 3220 4398 causidico,
3273 4309 3635 4383 vernaculo
3686 4332 4001 4383 sermone

945 4428 1354 4503 concinnato
1371 4486 1392 4517 ,
1443 4427 1786 4527 auspicari
1831 4429 2068 4503 velint.

1045 4547 1499 4621 Meminerint
1555 4572 1813 4645 quaeso
1871 4546 2197 4622 invidiosi
2259 4546 2362 4621 illi
2407 4546 2897 4621 obtrectatores
2942 4546 3017 4619 id
3066 4546 3257 4644 quod
3308 4546 3569 4620 centies
3618 4544 3885 4619 dictum
3930 4555 4001 4617 et

947 4667 1208 4743 centies
1273 4666 1646 4765 repetitum
1719 4674 1864 4755 est,
1929 4666 2244 4741 homines
2298 4674 2633 4765 perpetua
2682 4674 2751 4739 et
2797 4666 3126 4741 continua
3182 4666 3353 4740 serie
3408 4666 3547 4739 sibi
3594 4663 3959 4739 succedere
3979 4722 3999 4751 ,

947 4785 1338 4885 praesentia
1383 4811 1426 4859 a
1467 4786 1855 4884 praeteritis
1875 4844 1898 4875 ,
1947 4786 2186 4860 futura
2224 4812 2266 4861 a
2306 4786 2791 4884 praesentibus
2836 4810 2987 4861 esse
3034 4794 3232 4885 apta,
3280 4809 3508 4884 neque
3554 4784 3773 4859 ullum
3806 4807 3999 4857 secu-
