4730 6049
1945 636 2502 705 ORATIO.
2765 696 2772 703 .
3653 636 3743 708 83

698 848 909 923 stione
968 848 1137 922 iuris
1196 872 1383 924 mere
1450 844 1669 923 civilis
1726 870 2006 945 prorsus
2072 844 2297 921 aliena
2358 852 2431 921 et
2495 868 2769 945 semper
2812 844 2952 921 fuit
2997 853 3071 921 et
3121 846 3358 923 habita
3405 854 3514 923 est
3563 846 3735 922 iuris

692 969 1001 1069 gentium
1042 968 1163 1043 illa
1202 967 1452 1070 privati
1492 991 1633 1067 qua
1668 966 2061 1066 quaeritur,
2112 973 2350 1043 utrum
2403 971 2630 1043 status
2673 966 3040 1045 comitetur
3075 991 3442 1068 personam
3478 990 3695 1043 necne
3709 1000 3730 1055 ;

692 1096 1050 1186 utramque
1096 1112 1255 1162 vero
1300 1087 1535 1189 ipsum
1586 1086 1798 1183 etiam
1846 1084 2309 1187 legislatorem
2356 1085 2573 1187 probe
2623 1084 3020 1163 distinxisse
3065 1092 3280 1188 patet.

778 1210 925 1285 Iam
993 1232 1150 1283 vero
1223 1207 1349 1306 qui
1416 1230 1563 1282 rem
1632 1206 1721 1281 de
1796 1231 1939 1305 qua
2003 1207 2239 1307 agitur
2298 1212 2462 1283 ante
2525 1206 2760 1282 omnia
2803 1205 3304 1306 inspiciendam
3351 1232 3504 1285 esse
3554 1208 3732 1285 bene

685 1350 945 1401 memor
986 1326 1325 1426 interpres
1360 1327 1455 1402 ad
1500 1326 1675 1401 hanc
1713 1326 1898 1403 dicta
1938 1327 2195 1427 exigit,
2235 1350 2643 1427 persuasum
2683 1323 2820 1401 sibi
2861 1323 3189 1417 habebit,
3233 1326 3728 1427 legislatorem,

684 1446 997 1545 quamvis
1056 1472 1144 1522 ex
1212 1445 1697 1546 grammatices
1758 1447 2021 1545 regulis
2082 1446 2472 1523 accuratius
2544 1446 2736 1545 loqui
2800 1446 3180 1547 potuisset,
3244 1454 3430 1523 recte
3497 1458 3728 1525 tamen

681 1565 923 1655 etiam,
992 1590 1215 1665 quum
1284 1565 1527 1641 eadem
1590 1566 1741 1641 iura
1794 1565 2176 1667 peregrinis
2234 1566 2387 1667 ipsa
2435 1566 2592 1667 lege
2641 1565 2856 1641 tribui
2909 1564 3147 1655 vellet,
3195 1566 3383 1643 idem
3432 1566 3568 1645 illis
3614 1568 3729 1645 ius

656 1710 825 1761 esse
889 1686 1030 1762 nisi
1100 1685 1211 1761 lex
1281 1685 1701 1763 contrarium
1766 1694 2027 1762 statuat
2092 1687 2316 1763 dicere
2389 1687 2722 1787 potuisse.
2827 1684 2943 1760 Sic
3003 1684 3220 1761 dubia
3291 1687 3474 1761 fiunt
3521 1686 3730 1764 verba

676 1829 854 1905 quae
920 1806 1269 1883 immerito
1335 1806 1517 1881 clara
1584 1804 2005 1885 videbantur
2022 1840 2043 1897 ;
2108 1832 2195 1883 ex
2263 1815 2501 1883 mente
2572 1831 2729 1882 vero
2773 1804 2946 1905 legis
2994 1804 3362 1905 diligenter
3409 1814 3482 1882 et
3501 1806 3728 1883 ’iustis

671 1925 951 2003 auxiliis
999 1925 1351 2026 explorata
1402 1949 1560 2001 vera
1619 1925 1977 2028 interpreti
2023 1935 2309 2030 apparet
2353 1927 2588 2005 dubiis
2637 1925 2864 2003 verbis
2909 1925 3269 2002 enuntiata
3291 1946 3298 1953 ’
3319 1926 3729 2027 legislatoris

672 2044 1013 2121 voluntas.

772 2165 1055 2245 Quodsi
1116 2189 1206 2241 ne
1271 2173 1423 2241 tum
1490 2165 1777 2265 quidem
1843 2167 1934 2242 ab
1990 2167 2314 2268 opinione
2364 2166 2483 2245 illa
2533 2166 2844 2242 discedat
2895 2166 3231 2266 interpres
3251 2224 3270 2255 ,
3321 2188 3535 2266 quam
3579 2188 3727 2241 ver·

665 2284 778 2359 bis
844 2284 1038 2361 haud
1098 2276 1475 2362 immerito
1516 2310 1591 2361 se
1660 2285 2028 2361 defendere
2080 2288 2386 2389 primum
2451 2285 2958 2377 contendebat,
3023 2286 3598 2363 deliberationum
3664 2285 3730 2365 vi

664 2405 743 2479 in
809 2405 1455 2505 interpretationem
1522 2405 1695 2505 legis
1753 2430 2113 2506 perperam
2158 2408 2498 2485 detractat
2545 2431 2774 2507 neque
2829 2404 3035 2481 verba
3079 2406 3220 2481 iam
3272 2412 3545 2505 captare
3593 2404 3730 2483 dici

662 2550 809 2601 non
872 2534 1125 2626 potest.
1222 2524 1343 2601 Ad
1411 2524 1793 2601 subtilioris
1850 2526 2039 2601 enim
2104 2526 2590 2629 grammatices
2645 2526 2922 2627 regulas
2969 2527 3196 2627 legem
3243 2525 3502 2625 exigit,
3552 2548 3727 2624 quas

662 2672 899 2747 neque
962 2646 1312 2747 legislator
1359 2646 1579 2722 edixit
1628 2668 1857 2745 neque
1910 2645 2119 2722 rebus
2172 2672 2253 2722 ac
2316 2645 2518 2723 factis
2561 2646 2866 2722 ostendit
2909 2644 3151 2721 sedulo
3198 2670 3241 2721 a
3281 2668 3356 2721 se
3399 2668 3550 2719 esse
3600 2640 3723 2719 ob·

660 2776 1005 2856 servatam
1054 2766 1495 2844 difficultates
1541 2789 1698 2842 vero
1750 2791 1991 2844 earum
2042 2766 2404 2856 solutioni,
2457 2764 2683 2865 legem
2723 2763 3096 2843 absurdam
3143 2787 3310 2839 suae
3349 2762 3724 2864 sapientiae

661 2886 1009 2987 praeferre
1058 2886 1357 2963 videtur.

692 3008 937 3084 Late
984 3005 1215 3108 igitur
1282 3007 1423 3082 iam
1483 3012 1720 3108 pateat
1766 2944 2161 3107 interpretis
2214 3030 2513 3094 munus,
2565 3005 2631 3081 A
2633 2993 2722 3083 A.
2743 3006 2762 3081 l
2815 3012 3080 3081 crescat
3127 3008 3202 3080 et
3242 3002 3318 3079 in
3368 3008 3723 3103 posterum

662 3153 802 3228 quo
857 3126 1093 3228 plures
1144 3128 1220 3203 in
1263 3128 1489 3204 lucem
1533 3127 2049 3228 protrahantur
2068 3123 2658 3228 interpretationis
2697 3124 2963 3216 fontes,
3014 3125 3181 3225 qui,
3231 3146 3454 3224 quum
3497 3122 3720 3198 inves-

662 3248 1019 3348 tigationis
1078 3272 1405 3347 campum
1468 3247 1848 3324 extendant
1866 3305 1889 3337 ,
1962 3247 2173 3322 simul
2239 3255 2475 3322 tamen
2531 3245 2998 3346 investigandi
3045 3243 3386 3345 praesidia
3436 3249 3718 3344 augent.

662 3367 915 3468 Neque
948 3391 1079 3442 nos
1114 3375 1437 3442 moveant
1474 3367 2038 3444 meticulosorum
2074 3367 2352 3444 illorum
2385 3363 2702 3442 codicum
2740 3373 3185 3465 patronorum
3215 3361 3682 3463 querimoniae
3697 3419 3718 3450 ,

664 3486 751 3562 de
810 3489 985 3588 ipsis
1052 3487 1411 3564 codicibus
1469 3487 1730 3588 quippe
1796 3487 2314 3589 desperantium
2383 3510 2606 3586 quum
2665 3491 2932 3560 certum
2977 3481 3113 3558 sibi
3165 3481 3276 3557 ius
3323 3505 3464 3580 quo
3505 3504 3716 3580 quae-

663 3615 854 3695 rant,
922 3607 1257 3682 nesciant.
1356 3607 1730 3683 Gaudeant
1792 3609 2026 3708 potius
2087 3631 2330 3683 omnes
2395 3606 2508 3682 ius
2575 3603 2754 3680 illud
2818 3610 3084 3678 certum
3151 3600 3408 3676 scilicet
3431 3657 3452 3697 ,
3523 3599 3716 3699 quod

666 3724 1092 3800 somniarunt
1132 3724 1256 3823 qui
1298 3725 1633 3825 superiori
1676 3727 1947 3802 saeculo
1985 3727 2304 3803 codicum
2346 3725 2760 3801 exstiterunt
2805 3721 3116 3822 patroni,
3167 3720 3490 3796 codicum
3529 3718 3711 3796 fruc-

668 3851 815 3920 tum
858 3869 997 3920 non
1040 3843 1296 3933 fuisse;
1345 3844 1699 3946 gaudeant
1742 3845 2083 3946 imprimis
2112 3839 2303 3946 quod
2347 3872 2396 3920 a
2435 3846 2790 3920 multorum
2837 3846 2968 3920 isto
3029 3842 3426 3922 camelorum
3471 3865 3672 3915 onere
3689 3897 3710 3928 ,

674 3963 757 4038 de
790 3989 928 4064 quo
965 3963 1437 4064 querebantur
1473 3965 1636 4040 ICti
1660 3967 1905 4067 patrii,
1946 3991 2073 4043 nos
2110 3963 2582 4055 liberaverint,
2618 3963 2998 4063 linguaque
3027 3959 3249 4060 patria
3287 3961 3712 4060 conscriptae

675 4081 851 4182 leges
890 4085 1171 4159 firmum
1217 4084 1503 4160 demum
1544 4084 2080 4161 fundamentum
2134 4083 2420 4159 iecerint
2459 4082 2576 4159 cui
2620 4105 2775 4158 vere
2813 4079 3108 4181 patriam
3152 4087 3710 4178 superstruamus

680 4200 1295 4302 iurisprudentiam.
1396 4207 1635 4284 Quam
1704 4213 1785 4280 ut
1850 4205 2117 4294 colant,
2186 4203 2502 4292 foveant,
2571 4207 3018 4302 promoveant
3083 4223 3324 4276 omnes
3370 4199 3495 4299 qui
3543 4207 3708 4276 sunt

686 4321 819 4394 loti
858 4347 1009 4398 vere
1048 4324 1255 4422 patrii
1293 4345 1519 4424 neque
1558 4324 1692 4400 sibi
1736 4324 1909 4424 eripi
1954 4323 2308 4424 patiantur
2349 4321 2488 4397 nisi
2525 4345 2688 4397 cum
2729 4319 2900 4420 ipsis
2937 4317 3290 4394 codicibus
3311 4378 3332 4407 ,
3379 4325 3704 4419 exoptato

685 4449 1075 4520 restauratae
1137 4453 1407 4519 nostrae
1471 4443 1813 4520 libertatis
1887 4453 1959 4519 et
2028 4443 2326 4520 civitatis
2391 4447 2882 4531 monumento,
2946 4437 3125 4515 bene
3188 4445 3410 4514 vertat
3459 4437 3654 4513 Deus
3677 4496 3699 4528 ,

690 4559 792 4632 cui
830 4559 1318 4639 inaestimabile
1366 4563 1495 4640 hoc
1544 4573 1909 4664 acceptum
1954 4562 2315 4640 referimus
2361 4561 2670 4638 bonum!

3284 4915 3418 4990 11*
