4730 6049
1044 648 1179 718 318
2176 648 2247 712 B.
2318 647 2372 714 1.
2441 645 2970 713 GRATAMA

1043 857 1444 953 Antequam
1489 855 1705 954 igitur
1734 855 1825 931 ad
1869 854 2069 928 illum
2117 853 2578 930 ascenderunt
2618 853 2972 942 homines,
3023 853 3136 928 ius
3183 854 3482 930 nullum.
3558 856 3686 930 Ius
3729 854 4103 953 positivum

1042 1000 1186 1050 non
1230 975 1579 1049 enascitur
1620 975 1757 1049 nisi
1796 973 2245 1048 consensione
2298 974 2607 1072 quadam
2653 997 2895 1048 eorum
2915 1033 2936 1062 ,
2983 974 3166 1048 inter
3220 997 3400 1074 quos
3438 973 3776 1050 obtineat.
3876 973 4105 1073 Igitur

1044 1096 1228 1169 inter
1284 1119 1401 1169 eos
1422 1153 1443 1183 ,
1506 1094 1688 1168 inter
1744 1119 1924 1192 quos
1984 1094 2180 1169 nulla
2230 1092 2631 1182 consensio,
2689 1093 2966 1168 nullum
3015 1093 3154 1170 ius.
3254 1092 3528 1168 Deinde
3581 1094 3942 1170 consensio
3989 1094 4106 1170 ills

1042 1224 1152 1290 est
1222 1214 1583 1290 hominum
1658 1214 1921 1289 factum
1941 1271 1962 1302 ‚
2033 1213 2480 1312 opinionibus
2544 1213 2864 1293 innixum
2931 1212 3318 1288 hominum.
3419 1213 3536 1288 Si·
3557 1214 3778 1313 igitur
3831 1213 4104 1290 nullum

1039 1336 1153 1409 ius
1219 1335 1357 1408 nisi
1418 1334 1799 1432 positivum
1818 1392 1839 1422 ,
1909 1357 2189 1408 necesse
2263 1343 2372 1408 est
2439 1333 2622 1408 facto
2695 1334 2814 1408 illo
2879 1333 3083 1422 oriri,
3153 1333 3486 1408 constitui
3541 1333 3656 1410 ius
3673 1392 3696 1423 ,
3763 1334 4100 1434 opinioni-

1042 1453 1180 1528 bus
1246 1453 1465 1552 igitur
1530 1478 1671 1528 non
1734 1462 1982 1528 natura
2046 1454 2157 1526 ius
2202 1478 2353 1527 esse
2407 1452 2787 1551 proditum.
2888 1455 3054 1532 Quo
3097 1453 3370 1528 nullum
3417 1454 3803 1552 graviorem
3857 1454 4102 1530 huma-

1042 1591 1273 1674 noque
1332 1576 1571 1674 generi
1636 1572 2191 1672 perniciosiorem
2256 1573 2410 1646 dari
2461 1597 2758 1648 errorem
2805 1582 2876 1647 et
2917 1582 3164 1670 sponte
3211 1581 3406 1670 patet
3450 1581 3524 1647 et
3567 1573 3884 1650 omnium
3927 1583 4100 1650 tem-

1040 1720 1291 1795 porum
1342 1694 1585 1770 docuit
1633 1694 1940 1769 historia.

1138 1815 1679 1889 Defendendum
1740 1815 1960 1913 igitur
2012 1813 2217 1888 nobis
2272 1821 2382 1888 est
2427 1820 2499 1888 et
2546 1813 2836 1888 firmiter
2878 1810 3322 1887 retinendum
3363 1810 3476 1886 ius
3521 1813 3857 1890 naturale.
3963 1813 4102 1890 Sed

1040 1960 1345 2035 quanam
1393 1937 1663 2009 ratione
1708 1934 2125 2009 evitabimus
2176 1933 2618 2008 difficultates
2637 1991 2660 2021 ‚
2710 1931 2968 2030 quibus
3021 1957 3262 2008 omnes
3310 1933 3534 2030 premi
3584 1933 3886 2010 vidimus
3931 1935 4100 2010 iuris

1037 2055 1374 2131 naturalis
1392 2113 1413 2142 ‚
1484 2079 1661 2153 quas
1724 2053 2161 2129 laudavimus
2182 2113 2203 2142 ‚
2275 2053 2768 2128 definitiones?
2863 2052 2998 2128 Via
3053 2053 3342 2127 demum
3391 2053 3666 2128 munita
3715 2054 3893 2142 fuit,
3941 2079 4102 2132 cum

1038 2173 1433 2275 Hegeliana
1476 2173 1921 2271 Philosophia
1978 2181 2049 2247 et
2102 2172 2426 2248 historica
2465 2173 2698 2247 schola
2734 2172 2934 2273 iungi
2983 2181 3055 2248 et
3097 2172 3446 2247 conciliari
3487 2183 3887 2273 coeperunt.
3957 2174 4100 2250 Sci·

1040 2294 1203 2370 licet
1244 2294 1451 2370 sicuti
1488 2317 1979 2368 Amsrorsms
2025 2293 2376 2368 hominem
2425 2292 2566 2367 iam
2603 2293 2974 2391 appellavit
3012 2297 3216 2384 ζῶον
3243 2293 3666 2381 πολιτικὸν,
3713 2293 3790 2368 id
3822 2301 3932 2368 est
3953 2292 4099 2368 ani-

1037 2439 1239 2490 mans
1258 2473 1279 2504 ‚
1348 2415 1539 2514 quod
1595 2414 1871 2488 nonnisi
1934 2414 2008 2488 in
2065 2413 2391 2488 convictu
2448 2420 2521 2487 et
2571 2413 3076 2488 consociatione
3119 2437 3282 2489 cum
3338 2415 3448 2488 sui
3495 2413 3842 2488 similibus
3904 2436 4101 2489 suam

1040 2536 1334 2634 explicet
1390 2543 1749 2623 naturam,
1798 2535 1899 2610 ita
1946 2534 2201 2609 maiore
2254 2533 2468 2608 etiam
2510 2532 2660 2606 iure
2712 2532 3064 2608 hominem
3111 2539 3320 2626 ζῶον
3363 2535 3756 2632 ἱστορικὸν
3803 2533 4100 2622 dixeris,

1036 2655 1113 2731 id
1159 2663 1267 2730 est
1315 2656 1633 2731 animans
1652 2715 1671 2744 ,
1741 2655 1935 2754 quod
1990 2679 2131 2730 non
2177 2655 2251 2728 in
2308 2678 2453 2728 una
2506 2652 2950 2752 generatione
2969 2711 2988 2741 ,
3039 2654 3166 2728 sed
3213 2653 3499 2728 demum
3545 2653 3620 2728 in
3669 2653 3806 2728 sibi
3859 2651 4100 2728 subse-

1036 2776 1401 2875 quentium
1476 2776 2005 2873 generationum
2066 2774 2400 2849 continua
2451 2772 2626 2848 serie
2644 2833 2665 2863 ,
2719 2798 2922 2849 suam
2972 2774 3236 2848 evolvat
3281 2773 3608 2850 indolem.
3707 2774 3804 2848 Et
3847 2773 3978 2848 hac
4027 2771 4100 2846 in

1032 2921 1111 2970 re
1182 2897 1407 2995 genus
1474 2896 1865 2970 humanum
1923 2920 1967 2969 a
2029 2894 2273 2968 ceteris
2341 2893 2576 2968 differt
2625 2893 2994 2968 socialibus
3045 2892 3546 2968 animantibus.
3647 2891 4100 2990 Subsequens

1038 3016 1276 3115 apium
1300 3076 1319 3105 ,
1386 3015 1827 3090 formicarum
1848 3074 1869 3103 ,
1930 3014 2267 3090 fibi-orum
2338 3014 2692 3114 generatio
2765 3038 2908 3089 non
2980 3012 3116 3088 alia
3170 3036 3402 3112 neque
3453 3013 3590 3089 alis
3639 3012 3908 3089 ratione
3955 3011 4101 3110 agit

1039 3160 1254 3235 quam
1322 3135 1759 3210 antecedens.
1862 3134 2003 3209 Sed
2068 3135 2438 3209 hominum
2485 3134 2962 3235 generationes
3010 3134 3196 3208 inter
3237 3158 3312 3209 se
3363 3133 3732 3209 cohaerent
3749 3189 3772 3221 ,
3821 3140 3898 3205 et
3927 3154 4096 3207 con-

1034 3253 1237 3329 tinuo
1298 3277 1439 3327 non
1510 3254 1897 3352 interrupto
1962 3253 2145 3328 inter
2222 3278 2372 3328 sese
2438 3254 2833 3353 iunguntur
2895 3252 3190 3329 vinculo,
3289 3253 3644 3328 Maiarum
3711 3251 4096 3327 incedimus
4178 3311 4187 3320 χ

1034 3373 1325 3449 tumulis
1342 3431 1363 3463 ,
1416 3374 1544 3449 sed
1588 3382 1659 3449 et
1702 3397 1941 3449 eorum
1986 3373 2376 3448 insistimus
2415 3374 2746 3449 humeris.
2847 3376 3050 3452 Quae
3099 3372 3578 3471 perfecerunt,
3629 3372 4090 3471 collegerunt,

1032 3494 1625 3593 investigaverunt
1674 3495 1969 3569 maiores
1985 3554 2005 3582 ‚
2074 3494 2277 3569 nobis
2328 3493 2812 3569 transmittunt
2828 3551 2849 3581 ,
2897 3492 3124 3591 iisque
3168 3492 3504 3567 adhibitis
3553 3516 3688 3568 nos
3742 3493 4091 3569 lucramur

1036 3637 1213 3688 nova
1234 3672 1255 3702 ,
1330 3622 1405 3688 et
1468 3613 1567 3687 sic
1641 3638 1821 3712 quae
1897 3639 1941 3688 a
2008 3614 2325 3713 patribus
2401 3614 2792 3714 accepimus
2861 3622 3065 3689 aucta
3131 3613 3474 3689 tradimus
3545 3612 3862 3712 posteris.
3963 3614 4090 3691 Est

1038 3732 1239 3830 quasi
1306 3733 1695 3808 communis
1756 3734 2047 3808 humani
2108 3734 2384 3834 generis
2443 3734 2910 3811 doctrinarum
2929 3792 2950 3822 ,
3013 3733 3268 3809 artium
3287 3792 3308 3822 ,
3372 3758 3588 3835 opum
3609 3792 3632 3824 ,
3689 3710 4089 3809 divitiarum

1038 3874 1185 3925 sors
1204 3908 1223 3939 ,
1286 3876 1427 3949 qua
1468 3877 1789 3953 quaeque
1836 3854 2231 3929 foeneratur
2283 3862 2474 3930 aetas
2494 3914 2515 3943 ,
2578 3878 2934 3954 quamque
2977 3854 3256 3929 foenore
3305 3855 3600 3955 aliisque
3644 3854 4086 3931 incrementis

1036 3978 1313 4045 auctam
1374 3972 1588 4046 tradit
1652 3974 1989 4072 sequenti.
2113 3976 2243 4049 Est
2306 3975 2602 4075 singulis
2621 4033 2642 4063 ,
2712 3983 2820 4049 est
2883 3974 3202 4051 universo
3262 3975 3501 4075 generi
3563 3976 3874 4051 humano
3894 4033 3916 4064 ,
3983 3982 4088 4051 est

1038 4088 1243 4165 variis
1305 4091 1653 4165 aetatibus
1714 4117 1920 4167 suum
1976 4094 2412 4193 propositum
2430 4152 2452 4183 ,
2524 4117 2652 4167 sua
2697 4117 2840 4191 qua
2881 4092 3208 4167 incedant
3253 4092 3364 4167 via
3403 4100 3620 4169 strata
3657 4101 3732 4166 et
3773 4094 4086 4183 munita,

1038 4215 1114 4284 et
1148 4209 1223 4283 in
1264 4209 1352 4284 iis
1396 4210 1682 4287 demum
1736 4212 2065 4288 omnibus
2114 4212 2506 4289 coniunctis
2549 4221 2800 4288 natura
2845 4213 3228 4313 explicatur
3275 4212 3606 4289 humana.

1134 4328 1335 4407 Haec
1380 4333 1613 4406 omnia
1660 4332 1979 4432 inprimis
2025 4332 2262 4407 valent
2305 4332 2394 4407 de
2443 4332 2625 4407 vitae
2669 4332 3304 4408 necessitudinibus
3321 4390 3342 4421 ,
3393 4331 3652 4431 quibus
3695 4331 4086 4430 iunguntur

1033 4450 1218 4537 inter
1280 4476 1355 4528 se
1414 4451 1727 4527 homines
1746 4510 1767 4541 ,
1837 4476 2157 4552 quaeque
2226 4477 2345 4528 eas
2414 4461 2672 4551 regunt
2734 4452 3027 4528 iuribus.
3130 4453 3220 4527 In
3289 4452 3428 4527 illis
3489 4451 3582 4529 ad
3651 4459 4084 4551 praesentem

1034 4571 1277 4669 populi
1338 4572 1807 4647 conditionem
1866 4571 2272 4648 ordinandis
2326 4580 2400 4647 et
2445 4572 2802 4648 mutandis
2847 4571 3354 4671 subsequentes
3403 4572 3762 4649 elaborant
3799 4580 4080 4681 aetates.

1032 4691 1238 4767 Quae
1282 4690 1421 4767 iam
1474 4692 1660 4792 prior
1696 4700 1893 4769 aetas
1938 4692 2263 4793 perfecit,
2312 4693 2634 4794 sequenti
2691 4693 3263 4771 transmittuntur
3311 4694 3561 4782 aetati,
3611 4701 3684 4769 et
3722 4692 3816 4768 ab
3869 4718 3956 4769 ea
3991 4690 4082 4767 ad

1034 4830 1243 4887 suum
1294 4809 1432 4886 iam
1489 4836 1697 4887 usum
1748 4812 2299 4903 accommodata,
2348 4822 2552 4890 aucta
2594 4819 2667 4889 et
2710 4813 3084 4891 emendata
3120 4814 3500 4891 traduntur
3551 4810 3869 4912 posteris.
