4730 6049
968 655 1056 723 ιο
1591 629 1594 632 ’
1935 653 2012 722 A.
2083 655 2154 722 E.
2223 653 2567 720 smon
2634 653 3075 720 monas

1077 862 1353 962 Rogate
1416 867 1869 937 mercatorem
1913 919 2108 938 .....
2185 862 2308 936 sed
2378 861 2553 962 quid
2624 886 2803 962 opus
2860 869 2969 937 est
3029 859 3351 960 pluribus
3393 863 3751 964 exemplis.
3853 863 4037 944 Quis

973 989 1087 1057 est
1136 982 1308 1081 quin
1337 980 1582 1057 videat
1631 1005 1772 1056 non
1823 981 2048 1057 solum
2103 981 2466 1057 scientiam
2513 982 2788 1081 requiri
2831 991 2913 1057 ut
2962 981 3229 1080 aliquid
3288 981 3467 1058 bene
3525 983 3859 1060 faciamus
3912 984 4037 1059 sed

971 1103 1188 1184 etiam
1251 1102 1814 1177 exercitationem
1885 1109 1966 1175 ut
2029 1101 2152 1176 illa
2221 1101 2509 1177 scientia
2571 1102 2680 1176 uti
2738 1103 3108 1202 possimus.
3212 1103 3429 1180 Quod
3491 1127 3650 1177 vero
3705 1103 3780 1177 in
3840 1103 4035 1178 omni

971 1247 1264 1298 munere
1311 1222 1636 1298 obeundo
1655 1280 1676 1311 ,
1731 1223 1806 1296 in
1857 1223 2052 1297 omni
2102 1229 2250 1296 arte
2302 1222 2717 1312 exercenda,
2761 1224 2836 1296 in
2878 1223 3123 1321 primis
3167 1229 3277 1298 est
3318 1223 3821 1312 necessarium,
3870 1221 4032 1322 quis

967 1350 1174 1442 putet
1235 1343 1312 1417 id
1373 1343 1448 1416 in
1515 1343 1786 1417 medica
1851 1351 2000 1418 arte
2067 1365 2575 1441 supervacuum
2642 1367 2817 1418 esse.
2918 1341 3156 1418 Nolite
3196 1342 3274 1415 id
3314 1341 3708 1417 existimare
3726 1399 3747 1431 ,
3796 1343 3887 1416 A.
3946 1343 4030 1420 H.

971 1462 1232 1536 Contra
1283 1460 1497 1536 habet
1545 1485 1619 1535 se
1670 1486 1816 1535 res:
1885 1461 2046 1535 licet
2101 1461 2290 1534 enim
2340 1460 2625 1558 quaevis
2668 1461 2803 1535 alia
2856 1487 2970 1536 ars
3020 1461 3431 1561 cogitando,
3498 1461 3882 1553 audiendo,
3934 1463 4029 1538 le·

964 1581 1196 1681 gendo
1244 1580 1508 1680 percipi
1557 1581 1814 1679 possit,
1885 1580 2306 1654 contendere
2361 1578 2661 1654 audeam
2716 1581 2885 1656 artis
2934 1581 3495 1657 exercitationem
3548 1591 3621 1658 et
3674 1583 4029 1681 experien-

963 1700 1138 1774 tiam
1183 1697 1456 1773 medico
1503 1722 1646 1772 non
1691 1697 1922 1772 solum
1973 1698 2211 1795 magni
2261 1698 2579 1773 facienda
2628 1724 2778 1774 esse
2830 1701 2956 1775 sed
3005 1725 3153 1776 rem
3205 1702 3305 1776 ita
3360 1725 3510 1776 esse
3560 1710 4029 1803 comparatam

968 1826 1053 1894 ut
1117 1818 1266 1893 sine
1323 1818 1434 1891 his
1494 1841 1936 1916 nequaquam
1987 1817 2230 1891 utilem
2299 1843 2373 1893 se
2430 1826 2775 1916 praestare
2823 1822 3067 1920 possit.
3162 1821 3481 1897 Primum
3534 1821 3722 1896 enim
3768 1829 4032 1920 quanta

967 1939 1393 2038 experientia
1433 1938 1744 2037 indiget,
1795 1950 1879 2010 ut
1933 1943 2076 2034 eos]
2105 1939 2229 2036 qui
2279 1939 2623 2014 medicam
2668 1949 2889 2016 artem
2932 1942 3255 2016 invocant
3318 1965 3623 2040 eumque
3672 1940 4029 2016 interdum

961 2058 1157 2134 inani
1217 2050 1586 2132 verborum
1645 2063 1950 2132 torrente
2013 2058 2325 2132 obruunt
2389 2059 2604 2157 probe
2672 2061 3058 2160 intelligat,
3126 2067 3211 2136 ut
3262 2085 3300 2134 e
3354 2061 3598 2134 multis
3664 2060 4029 2158 questibus

961 2179 1056 2254 ad
1111 2203 1228 2253 eos
1289 2177 1606 2252 attendat
1677 2201 1856 2276 quos
1923 2177 1997 2251 in
2073 2177 2395 2276 diagnosi
2466 2180 2897 2256 instituenda
2958 2179 3279 2280 inprimis
3344 2180 3639 2280 spectari
3704 2181 4027 2278 oportet?

964 2297 1342 2377 Quomodo
1393 2296 1542 2371 sine
1593 2296 2017 2395 experientia
2081 2321 2166 2372 ex
2215 2298 2368 2372 aliis
2388 2356 2408 2387 ‚
2477 2300 2603 2398 qui
2674 2309 2746 2375 et
2774 2335 2781 2342 ·
2814 2325 2977 2375 eum
3036 2308 3111 2375 et
3165 2323 3239 2374 se
3298 2301 3487 2400 ipsos
3540 2299 3853 2400 decipere
3912 2323 4025 2376 co·

959 2426 1256 2506 nantur,
1326 2439 1568 2491 verum
1637 2416 1904 2506 eficiat,
1971 2425 2098 2491 aut
2164 2443 2413 2496 arcana
2469 2419 2832 2518 indagabit
2882 2443 3180 2520 quorum
3228 2427 3665 2518 aegrotantes
3704 2419 3839 2516 ipsi
3890 2418 4029 2493 sibi

961 2539 1078 2613 vix
1119 2537 1380 2613 conscii
1419 2538 1633 2611 sunt?
1709 2537 2084 2615 Quomodo
2135 2537 2308 2613 scire
2354 2539 2610 2637 poterit
2653 2540 2933 2616 cuinam
2975 2537 3389 2616 morborum·
3427 2538 3667 2638 generi
3710 2538 4024 2613 homines

961 2683 1048 2735 ex
1089 2667 1345 2747 aetate,
1397 2657 1645 2733 habitu
1666 2717 1689 2746 ,
1741 2656 1922 2732 vitae
1967 2656 2235 2732 ratione
2255 2717 2278 2746 ,
2339 2659 2491 2734 loco
2544 2684 2754 2758 quem
2799 2659 3113 2734 incolunt
3154 2659 3460 2735 maxime
3512 2659 3653 2732 sint
3697 2657 4023 2732 obnoxii?

960 2782 1198 2860 Quam
1273 2778 1416 2854 vim
1489 2778 1606 2854 alii
1683 2777 2002 2852 homines
2079 2803 2161 2853 ac
2237 2803 2348 2853 res
2420 2779 2681 2877 quibus
2748 2779 3272 2854 circumdantur
3335 2779 3409 2854 in
3482 2802 3604 2853 eos
3668 2777 4024 2853 habeant?

957 2896 1334 2977 Quomodo
1405 2896 1734 2969 morbum
1805 2893 2255 2993 incipientem
2280 2952 2301 2984 ,
2398 2898 2883 2996 symptomatis
2969 2899 3287 2973 nondum
3367 2897 3749 2996 perspicuis
3776 2954 3798 2985 ,
3882 2919 4025 2994 quo

957 3028 1194 3095 tamen
1245 3042 1386 3092 uno
1425 3023 1746 3115 tempore
1789 3014 2036 3089 morbo
2078 3015 2369 3091 feliciter
2412 3017 2790 3108 resistitur,
2840 3018 2971 3094 rite
3017 3018 3423 3118 dignoscere
3468 3015 3764 3115 poterit?
3826 3017 4022 3095 Quo-

955 3135 1167 3213 modo
1216 3158 1440 3234 quum
1491 3132 1812 3207 infinitus
1865 3122 2268 3209 morborum
2322 3134 2415 3209 sit
2461 3160 2830 3226 numerus,
2880 3137 3005 3236 qui
3052 3139 3127 3212 in
3173 3138 3563 3213 humanum
3614 3158 3865 3233 corpus
3906 3158 4018 3209 ca·

959 3257 1176 3345 dunt,
1247 3255 1325 3329 in
1385 3260 1585 3328 tanta
1649 3258 2199 3351 symptomatum
2266 3252 2719 3331 similitudine
2784 3280 3017 3332 veram
3082 3256 3311 3331 morbi
3370 3263 3694 3329 naturam
3752 3277 4026 3353 semper

959 3374 1354 3477 explorabit
1372 3376 1408 3448 Ρ
1509 3372 1886 3451 Quomodo
1943 3375 2461 3450 accommodata
2516 3378 2822 3451 remedia
2867 3375 3293 3478 praescribet
3308 3432 3329 3463 ,
3395 3373 3655 3474 quibus
3696 3373 4023 3447 valetudo

953 3496 1306 3571 reficiatur
1349 3500 1476 3569 aut
1523 3492 1794 3567 dolores
1841 3491 2190 3567 leniantur
2235 3502 2359 3568 aut
2378 3554 2400 3583 ,
2464 3495 2525 3569 si
2576 3496 2865 3570 morbus
2906 3504 3017 3570 est
3060 3492 3627 3579 immedicabiliS‚
3678 3492 3817 3567 vita
3863 3515 4018 3591 pro-

955 3616 1256 3690 ducatur
1321 3622 1394 3689 et
1453 3614 1582 3688 fiat
1641 3612 2018 3687 tolerabilis
2035 3616 2072 3687 Ρ
2173 3615 2547 3692 Quomodo
2594 3614 2923 3691 effectum
2968 3614 3636 3688 medicamentorum
3684 3611 4019 3685 diiudica-

955 3737 1104 3824 bit,
1170 3735 1581 3832 iustumque
1648 3738 1929 3832 tempus
1992 3732 2331 3809 indicabit
2353 3792 2374 3822 ,
2445 3759 2588 3834 quo
2642 3736 2786 3809 sint
2842 3729 3300 3816 semovenda,
3366 3752 3456 3801 ne
3502 3730 3716 3801 finem
3738 3785 3759 3818 ,
3809 3754 4022 3828 quem

954 3854 1093 3931 sibi
1144 3854 1540 3953 proposuit,
1591 3852 1929 3928 excedat?
2027 3854 2405 3933 Quomodo
2462 3854 2762 3928 fidenter
2816 3853 3115 3927 celerem
3164 3846 3589 3921 sanationem
3632 3848 4021 3946 praedicere

955 3984 1030 4063 et
1085 4000 1274 4049 vere·
1292 3974 1694 4074 promittere
1741 3972 2030 4072 poterit,
2095 4000 2321 4074 eaque
2378 3998 2454 4049 re
2504 3975 2659 4072 ipsa
2712 3972 3005 4047 anxium
3066 3974 3141 4041 et
3200 3964 3499 4039 dubium
3546 3976 4021 4066 aegrotantem

953 4096 1264 4172 levabit?
1363 4094 1738 4174 Quomodo
1788 4094 2105 4169 homines
2156 4094 2710 4169 inconsideratos
2754 4088 3201 4183 nimiumque
3255 4108 3529 4159 securos
3572 4086 3896 4185 periculi,
3943 4088 4020 4162 in

952 4242 1095 4317 quo
1145 4224 1506 4291 versantur
1523 4273 1544 4306 ,
1611 4214 2018 4290 admonebit
2067 4221 2138 4289 et
2183 4211 2608 4287 moribundo
2655 4216 2954 4282 mortem
3024 4203 3695 4302 appropinquantem
3745 4205 4013 4279 denun-

945 4338 1122 4413 tiare
1179 4336 1436 4437 poterit
1493 4344 1577 4411 ut
1595 4396 1616 4425 ‚
1681 4335 1852 4411 dum
1905 4344 2190 4433 tempus
2229 4331 2416 4405 sinet
2434 4386 2455 4417 ,
2504 4327 2719 4402 rebus
2766 4325 2914 4399 suis
2954 4332 3167 4421 atque
3224 4323 3509 4397 utilitati
3556 4348 3796 4397 eorum
3840 4347 4017 4423 quos

944 4483 1140 4534 caros
1191 4457 1407 4533 habet
1463 4457 1832 4533 consulat?
1933 4456 2191 4528 Nonne
2235 4450 2330 4525 ad
2388 4448 2559 4522 haec
2604 4446 2844 4521 omnia
2886 4442 3311 4542 experientia
3332 4499 3351 4530 ,
3400 4464 3579 4539 quae
3628 4442 3775 4516 sola
3824 4466 4017 4517 exer-

936 4578 1268 4655 citatione
1333 4578 1721 4677 acquiritur
1739 4635 1759 4664 ,
1821 4597 2006 4673 opus
2075 4574 2229 4647 est?
2330 4570 2541 4645 Quae
2604 4590 2828 4665 quum
2886 4566 2983 4638 ita
3027 4562 3173 4635 sint
3232 4568 3305 4633 et
3364 4559 3439 4631 in
3504 4568 3740 4634 nostra
3794 4562 4017 4659 patria

943 4699 1374 4775 consuetudo
1433 4699 1666 4774 adhuc
1713 4696 1888 4784 fert,
1959 4700 2042 4766 ut
2097 4692 2173 4765 in
2236 4688 2503 4765 morbis
2566 4686 2891 4773 internis,
2961 4704 3153 4781 quos.
3204 4684 3491 4766 vocant,
3558 4687 3630 4751 et
3683 4679 3757 4752 in
3818 4680 4019 4754 malis

943 4820 1244 4895 externis
1281 4843 1422 4895 non
1470 4818 1562 4894 ab
1607 4816 1858 4891 eodem
1904 4810 2250 4889 auxilium
2290 4810 2681 4895 invocetur,
2731 4814 2945 4904 atque
2986 4801 3207 4899 igitur
3246 4796 3557 4871 medicus
3594 4797 3735 4871 fere
3776 4823 4016 4899 aegros
