4730 6049
895 634 1027 706 160
1942 636 2218 704 ACTA
2286 638 2399 703 IN
2464 636 2912 706 SENATU.

1336 845 1716 920 Curatores
1754 867 1915 920 eum
1956 845 2221 920 Senatu
2252 844 2771 920 communicant
2804 844 3024 945 Regis
3057 843 3568 945 Angustissimi
3595 844 3956 923 decretum

1238 964 1307 1041 d.
1348 967 1394 1039 6
1436 989 1531 1039 m.
1576 963 1745 1039 Iulii
1778 965 1887 1041 n0.
1929 968 2025 1042 47
2048 1024 2071 1054 ,
2121 989 2261 1063 quo
2296 965 2652 1041 Professor
2690 964 3102 1041 ordinarius
3145 965 3222 1040 in
3251 965 3614 1041 Facultate
3648 966 3956 1043 Iuridiea

1235 1091 1509 1160 creatur
1551 1084 1681 1159 Vir
1731 1084 2311 1162 consultissimus
2358 1108 2670 1160 neonus
2714 1108 3080 1163 Aaromus
3127 1108 3354 1161 raum
3373 1142 3396 1177 ,
3445 1086 3674 1188 Regio
3719 1110 3954 1164 rerum

1230 1204 1785 1302 peeuniariarum
1835 1204 2273 1281 Administro
2321 1204 2879 1281 Reserandarius.

887 1440 1023 1515 Die
1076 1444 1167 1517 12
1215 1465 1311 1519 m.
1364 1442 1711 1520 Octobris.
1792 1445 1922 1519 Vir
1964 1444 2544 1521 Consultissimus
2583 1468 2894 1521 neonus
2931 1466 3301 1519 Amemus
3335 1466 3601 1535 num,
3647 1444 3740 1521 ab
3776 1444 3950 1521 Am-

1227 1562 1543 1664 plissimo
1596 1566 1863 1641 Senatu
1906 1564 1981 1640 in
2031 1565 2432 1641 cathedram
2479 1566 2736 1641 duetus
2758 1624 2780 1656 ‚
2846 1565 3290 1640 Ordinariam
3343 1565 3530 1640 Iuris
3574 1565 3952 1641 Professio-
4045 1612 4054 1619 -

1226 1706 1394 1759 nem
1459 1684 1860 1784 auspicatus
1929 1693 2037 1761 est
2055 1744 2077 1776 ‚
2157 1685 2398 1761 habita
2456 1686 2766 1762 oratione
2787 1742 2809 1774 ,
2878 1685 2995 1761 eui
3057 1685 3344 1761 titulus:
3419 1710 3578 1761 over
3647 1686 3768 1763 ket
3831 1692 3956 1761 nui

1223 1804 1349 1879 der
1402 1806 2017 1906 yeschiedkundtye
2078 1807 2474 1906 beoffeninq
2524 1832 2658 1881 van
2717 1807 2836 1881 het
2889 1806 3244 1881 Franscke
3291 1814 3448 1907 νομί
3487 1830 3648 1881 voor
3685 1807 3774 1883 de
3819 1828 3948 1881 we·

1228 1924 1807 2022 tenscbappelijke
1850 1927 2241 2026 verklarinq
2292 1953 2496 2002 enzer
2546 1927 2962 2027 burgerlq'jke
3015 1929 3402 2027 wezqevinq.

881 2161 973 2237 D.
1030 2164 1117 2235 11
1171 2183 1266 2238 m.
1316 2160 1700 2241 Februarii.
1798 2164 2281 2265 Designantur
2347 2172 2650 2265 quatuor
2699 2164 2827 2239 vin‘
2846 2223 2868 2255 ,
2919 2188 2960 2238 e
3007 2164 3268 2263 quibus
3320 2188 3365 2241 a
3417 2164 3616 2265 Rege
3663 2163 3948 2265 Augus-

1219 2280 1491 2357 tissimo
1538 2282 1797 2359 Rector
1848 2284 1921 2357 in
1971 2284 2370 2384 proximum
2418 2310 2686 2362 annum
2735 2284 3073 2385 eligatur:

1265 2468 1375 2596 Ex
1408 2520 1675 2597 Ordine
1723 2522 2032 2599 Iuridico
2777 2548 2849 2599 o.
2903 2548 2974 2599 o.
3025 2544 3340 2599 vamina.

1723 2642 1903 2719 Phil.
1939 2644 2188 2723 Theor.
2223 2650 2297 2721 et
2324 2644 2466 2722 Lit.
2495 2644 2722 2723 Hum.
2773 2668 2825 2763 1.
2877 2668 2949 2720 A.
3000 2667 3065 2718 ο.
3119 2665 3428 2719 nouas,

1722 2762 2005 2838 Medico
2775 2787 2826 2840 1.
2853 2788 2922 2841 1..
2949 2788 3013 2839 c.
3043 2784 3476 2838 sonnossnna
3507 2786 3580 2839 v.
3608 2784 3680 2839 ι).
3719 2780 3945 2839 ιοιῐ.

1728 2878 1959 2958 Math.
2011 2890 2084 2960 et
2129 2882 2389 2962 Philos.
2431 2884 2598 2961 Nat.
2773 2908 2837 2959 c.
2890 2908 2967 2959 11.
3019 2906 3096 2960 n.
3146 2905 3329 2957 Burs
3378 2904 3688 2959 amor.

1314 3074 1797 3174 Designantur
1864 3077 2077 3154 etiam
2136 3087 2444 3179 quatuor
2503 3079 2631 3156 viri
2649 3139 2671 3172 ,
2739 3105 2781 3155 e
2827 3080 3088 3179 quibus
3141 3079 3442 3156 Senatus
3491 3076 3948 3180 Graphiarius

1218 3192 1517 3294 eligatur
1537 3251 1559 3284 ,

1264 3357 1375 3434 Ex
1405 3357 1672 3436 Ordine
1720 3358 2139 3460 'theologico
2371 3393 2376 3398 ·
2763 3386 2831 3439 n.
2885 3385 3028 3439 'rna
3075 3386 3307 3441 nau.

1720 3480 2029 3556 Iuridieo
2759 3506 2814 3560 1.
2867 3507 2939 3558 A.
2991 3506 3240 3558 raum.

1720 3598 1901 3674 Phil.
1933 3598 2180 3676 Theor.
2213 3606 2287 3674 et
2310 3599 2451 3676 Lit.
2484 3599 2706 3678 Hum.
2760 3626 2838 3678 11.
2889 3627 2955 3679 c.
3005 3625 3332 3679 murus.

1470 3745 1509 3786 ιι
1720 3717 2001 3794 Medico
2757 3747 2826 3798 o.
2877 3746 2931 3801 1.
2983 3745 3267 3812 muco,
3317 3744 3385 3799 c.
3436 3744 3487 3798 1.
3541 3743 3688 3797 nn.

1312 3911 1718 3986 Assessores
1764 3913 2323 4004 constituuntur,

1265 4073 1373 4150 Ex
1404 4074 1671 4152 Ordine
1716 4077 1897 4154 Phil.
1923 4081 2170 4158 Theor.
2202 4090 2275 4158 et
2303 4081 2444 4158 Lit.
2475 4081 2700 4160 Hum.
2751 4105 2816 4159 c.
2869 4105 2938 4158 e.
2990 4101 3402 4156 orzoomsa.
3537 4065 3570 4074 .-

1468 4223 1506 4264 n
1718 4197 1999 4274 Medico
2755 4223 2821 4277 r.
2871 4224 2937 4276 c.
2987 4223 3352 4276 nonnata.

1714 4318 1945 4395 Math.
1998 4326 2071 4394 et
2117 4319 2377 4396 Philos.
2427 4321 2596 4396 Nat.
2758 4344 2821 4396 c.
2872 4345 2950 4396 Η.
3001 4343 3075 4395 n.
3126 4343 3310 4396 aurs
3361 4337 3667 4394 aanor.

1714 4437 2129 4538 Theologieo
2761 4463 2812 4518 1.
2866 4464 2919 4517 1.
2969 4461 3275 4517 nonnas.
