4730 6049
923 664 1056 733 426
1943 663 2240 732 ORDO
2308 667 2969 740 LECTIONUM.

1119 871 1468 948 Exercitia
1511 872 1808 948 oratoria
1849 874 2325 950 moderabitur
2365 876 2479 951 die
2524 876 2769 953 Lunae
2782 936 2805 968 ,
2853 878 3023 954 hora
3066 938 3597 964 ........

1316 1000 1389 1067 et
1436 993 1690 1068 Martis
1706 1051 1729 1083 ,
1777 994 1946 1070 hora
1981 1052 3595 1083 .......................

1121 1113 1599 1189 Aestheticam
1666 1114 1986 1205 docebit,
2056 1116 2373 1191 adhibito
2444 1118 2840 1193 Aristotelis
2905 1118 2993 1193 de
3054 1120 3345 1199 postica
3408 1124 3599 1203 dicto

1217 1234 1453 1309 libello
1474 1292 1496 1323 ,
1546 1233 1732 1308 horis
1775 1234 2053 1311 duabus
2102 1237 2543 1312 auditoribus
2587 1238 2991 1315 commodis.

1119 1354 1665 1430 Grammaticam
1734 1355 2103 1430 Gothicam
2162 1366 2234 1431 et
2296 1358 2841 1433 Grammaticam
2888 1356 3292 1457 litterasque
3333 1362 3600 1463 Anglo-

1216 1475 1573 1551 saxonicas
1645 1476 2189 1574 provectioribus
2254 1477 2483 1551 tradet
2552 1477 2740 1552 horis
2794 1500 2959 1552 cum
3011 1478 3488 1571 auditoribus,
3538 1484 3601 1559 si

1214 1595 1340 1695 qui
1385 1596 1681 1685 adsunt,
1729 1598 2240 1673 conveniendis.

1116 1716 1453 1792 Privatim
1482 1716 1822 1815 explicare
1849 1718 2286 1792 continuabit
2321 1742 2529 1817 opera
2566 1717 2839 1817 poetica
2862 1716 3331 1793 Hareniorum
3351 1777 3374 1809 ,
3409 1718 3603 1797 Von-

1217 1836 1383 1911 delii
1427 1844 1498 1911 et
1541 1838 1975 1937 Bilderdykii
2026 1838 2278 1912 selecta
2330 1838 2445 1912 die
2487 1839 2712 1928 Iovis,
2760 1838 2931 1913 hora
2982 1838 3373 1937 vespertina
3424 1897 3443 1917 .
3497 1898 3519 1917 .
3574 1900 3593 1918 .

1119 1958 1352 2035 Seculi
1391 1957 1571 2032 XVI
1613 1958 1972 2033 historiam
2017 1958 2495 2048 continuabit,
2543 1966 2853 2058 tempore
2896 1956 3188 2032 hiberno
3211 2016 3233 2047 ,
3284 1959 3595 2065 lectioni·

1207 2080 1344 2154 bus
1418 2078 1718 2178 publicis
1737 2137 1757 2167 ,
1830 2078 2101 2153 decimo
2177 2078 2427 2177 quinto
2500 2102 2783 2177 quoque
2850 2076 2964 2150 die
3017 2074 3320 2153 Saturna
3337 2136 3360 2168 ,
3432 2078 3603 2155 hora

1210 2198 1603 2297 vespertina
1663 2252 3585 2275 ...........................

915 2341 986 2395 L.
1030 2342 1339 2395 nunnus
1358 2376 1380 2407 ,
1446 2320 1678 2396 Matb.
1733 2322 1930 2419 May.
1997 2319 2188 2394 Phil.
2232 2320 2407 2394 Nat.
2456 2320 2655 2392 Doct.
2676 2376 2698 2407 ,
2758 2317 3131 2390 Botanices
3149 2374 3171 2405 ,
3232 2317 3597 2419 Geoloqiae

1014 2444 1086 2513 et
1134 2439 1574 2513 oeconomiae
1618 2440 1878 2512 ruralis*
1929 2437 2301 2531 Professor
2316 2496 2338 2527 ,
2397 2437 2804 2511 Botanicem
2846 2434 3279 2534 generalem:

1207 2584 1277 2634 a.
1375 2556 1932 2656 Morphologiam
1979 2557 2379 2657 plantarum
2416 2556 2695 2633 docebit
2733 2555 2985 2629 diebus
3018 2555 3271 2631 Martis
3300 2564 3375 2631 et
3401 2556 3593 2633 Mer-

1495 2677 1705 2766 curii,
1768 2676 1938 2751 hora
2012 2736 2029 2753 .
2103 2730 3592 2754 .....................

1227 2798 1289 2872 b.
1388 2798 1784 2872 Anatomen
1807 2806 1877 2872 et
1896 2795 2405 2896 physiologiam
2430 2795 2829 2896 plantarum
2852 2793 3103 2870 diebus
3126 2795 3404 2886 Martia,
3424 2796 3594 2873 hora

1501 2922 1575 2990 et
1617 2915 1803 2990 Iovis
1823 2973 1845 3004 ,
1894 2915 2062 2991 hora
2106 2969 3078 2992 ..............
3086 3015 3093 3023 ·
3131 2970 3585 2993 .......

1102 3035 1511 3111 Botanicem
1561 3035 1930 3136 specialem
1979 3034 2588 3136 (phytographiam
2633 3035 3030 3135 plantarum
3076 3044 3148 3111 et
3193 3037 3589 3113 botanicem

1207 3156 1750 3258 systematicam)
1819 3166 2118 3255 exponet
2170 3155 2421 3229 diebus
2466 3155 2799 3230 Mercurii
2846 3163 2921 3231 et
2967 3157 3156 3231 Iovis
3173 3214 3196 3246 ,
3245 3157 3415 3232 hora
3490 3215 3509 3232 .
3562 3216 3582 3235 .

1107 3277 1516 3354 Botanicem
1587 3277 1981 3376 generalem
2057 3284 2129 3351 et
2201 3276 2568 3377 specialem
2641 3276 3183 3375 provectioribus
3248 3301 3591 3376 exponere

3882 894 3987 970 Π.

3840 1012 3985 1092 ΠΙ.

1204 3403 1446 3498 perget
1493 3395 1608 3471 die
1656 3395 1948 3470 Veneris
1969 3454 1991 3485 ,
2039 3395 2228 3471 horis
2295 3454 2314 3472 .
2390 3453 3581 3473 .................
3634 3395 3707 3471 X
3738 3404 3811 3472 et
3840 3394 3975 3474 XI.

1105 3518 1414 3594 Favente
1477 3516 1652 3592 coeli
1707 3516 2040 3616 temperie
2060 3575 2082 3606 ,
2131 3541 2296 3592 cum
2342 3515 2701 3614 discipulis
2742 3515 3183 3590 excursiones
3236 3515 3589 3592 botanicas

1201 3637 1699 3714 moderabitur.

1105 3755 1740 3856 Pharmacognosin
1788 3755 2018 3831 tradet
2065 3754 2317 3830 diebus
2355 3762 2429 3830 et
2468 3753 2655 3829 horis
2699 3754 3136 3830 auditoribus
3178 3755 3583 3831 commodis.

1113 3878 1487 3977 Geologiae
1559 3877 1787 3977 capita
1855 3877 2106 3952 selecta
2174 3876 2448 3951 tradere
2510 3883 2793 3973 paratus
2837 3884 2944 3950 est
2990 3873 3241 3950 diebus
3284 3883 3357 3948 et
3402 3873 3589 3949 horis

1210 3996 1646 4072 auditoribus
1665 4056 1687 4087 ,
1737 3998 1798 4072 si
1846 3998 2143 4086 adsunt,
2191 3995 2599 4072 commodis.

1113 4115 1609 4192 Oeconomiam
1682 4118 1983 4193 ruralem
2053 4117 2331 4192 docebit
2412 4115 2663 4190 diebus
2735 4114 2991 4190 Martis
3009 4172 3031 4203 ,
3112 4114 3446 4191 Mercurii
3520 4121 3593 4187 et

1207 4239 1396 4315 Iovis
1416 4297 1438 4328 ,
1489 4238 1658 4313 hora
1738 4291 3584 4314 ..........................

1307 4367 1380 4434 et
1425 4359 1716 4435 Veneris
1763 4366 1835 4434 et
1883 4358 2202 4446 Saturni,
2251 4356 2424 4432 hora
2466 4411 3583 4433 ................

939 4527 956 4532 -
1113 4480 1360 4556 Artem
1405 4481 1741 4556 mercium
1780 4477 2408 4579 dignoscendarum
2446 4475 2982 4570 (warenkennis)
3016 4484 3313 4577 exponet
3339 4473 3590 4550 diebus

1210 4607 1283 4674 et
1326 4599 1512 4675 horis
1555 4626 1720 4676 cum
1763 4597 2200 4675 auditoribus
2249 4597 2761 4673 conveniendis.

917 4741 987 4795 n.
1052 4743 1106 4796 1.
1167 4742 1404 4794 mann
1419 4777 1439 4809 ,
1505 4719 1696 4794 Phil.
1771 4720 2010 4795 Theor.
2086 4721 2284 4818 May.
2347 4718 2523 4794 Lite.
2582 4718 2797 4794 Ham.
2854 4717 3059 4791 Doct.
3080 4773 3100 4803 ,
3162 4715 3588 4790 Litterarum

1021 4841 1474 4942 Antiquarum
1531 4839 1899 4937 Professor
1915 4897 1938 4929 ,
2003 4837 2492 4940 Xenophontis
2550 4835 3113 4914 Memorabilium
3164 4836 3394 4935 capita
3448 4833 3591 4908 duo

3804 4351 3977 4427 XII.
