4730 6049
1084 669 1167 738 14
2021 668 2099 737 A.
2166 669 2237 736 E.
2308 663 2652 736 SIMON
2716 664 3155 732 THOMAS

1079 901 1217 978 que
1269 881 1415 951 erat
1466 874 1849 975 periculum
1906 899 1995 951 ne
2046 900 2287 952 verum
2332 900 2471 952 non
2524 875 3025 977 perspiceretur
3073 873 3166 949 ob
3219 895 3514 973 eamque
3562 873 3789 974 ipsam
3841 899 4128 954 causam
4229 914 4239 919 -

1074 1018 1395 1098 perversa
1449 1003 1631 1071 esset
1669 995 1849 1071 ratio
1890 997 2181 1097 agendi:
2236 997 2384 1072 suis
2425 995 2613 1072 enim
2656 995 2874 1070 oculis
2917 1016 3058 1068 non
3095 994 3470 1070 cernebant
3490 1051 3512 1083 ‚
3561 1017 3792 1094 neque
3833 995 4126 1073 liberam

1076 1118 1169 1194 ad
1227 1115 1681 1192 iudicandum
1745 1124 2051 1192 mentem
2124 1117 2524 1193 afferebant.
2625 1113 2862 1213 Magis
2920 1113 3287 1213 magisque
3345 1113 3565 1212 igitur
3623 1131 3728 1190 ea·
3775 1115 3953 1191 ratio
4001 1115 4125 1192 ab·

1075 1237 1309 1314 iicitur
1374 1244 1445 1310 et
1506 1235 1804 1336 diligens
1867 1235 2308 1335 investigatio
2373 1238 2923 1334 symptomatum
2985 1230 3482 1307 obiectivorum
3533 1231 3852 1332 inprimis
3890 1257 4126 1310 neces-

1078 1357 1254 1433 saria
1321 1357 1618 1431 habetur
1672 1355 1746 1452 in
1811 1355 2015 1432 docta
2065 1353 2384 1453 diagnosi
2426 1351 2856 1428 instituenda
2876 1410 2896 1440 ,
2961 1375 3140 1451 quae
3191 1352 3344 1452 ipsa
3387 1351 3673 1427 unicum
3713 1361 3822 1428 est
3871 1354 4123 1432 funda-

928 1515 943 1533 ·
1077 1484 1394 1552 mentum
1414 1536 1434 1565 ,
1484 1501 1627 1575 quo
1670 1476 2043 1551 methodus
2080 1473 2332 1550 rationi
2381 1473 2796 1568 conveniens
2838 1473 2972 1546 niti
3008 1472 3246 1572 possit.

1164 1595 1619 1696 Investigatio
1678 1603 1913 1669 tamen
1969 1602 2126 1670 tum
2182 1593 2469 1669 demum
2509 1600 2830 1668 accurata
2876 1592 3012 1667 dici
3055 1598 3287 1692 potest
3326 1591 3388 1666 si
3430 1589 3758 1667 omnibus
3803 1593 4122 1694 partibus

1072 1725 1179 1792 est
1227 1717 1565 1793 absoluta.
1664 1715 1916 1814 Itaque
1960 1737 2101 1790 non
2152 1713 2319 1790 satis
2342 1721 2472 1789 .est
2519 1713 2870 1788 medicum
2917 1737 3138 1789 unum
3181 1721 3459 1791 tantum
3501 1739 3784 1808 sensum
3831 1715 3923 1790 ad
3967 1739 4123 1792 eam

1070 1837 1400 1912 adhibere
1468 1835 1837 1936 diligenter
1903 1843 2327 1935 spectantem
2387 1842 2460 1909 et
2513 1834 2990 1909 attendentem
3056 1834 3229 1934 quid
3283 1835 3360 1910 in
3403 1837 3630 1936 specie
3677 1843 3961 1911 externa
3998 1844 4126 1912 aut

1072 1956 1321 2034 habitu
1386 1955 1576 2054 aegri
1644 1955 1977 2056 morbum
2004 2051 2011 2058 .
2040 1955 2335 2044 indicet;
2411 1978 2616 2054 saepe
2685 1961 2911 2028 tactus
2973 1953 3048 2027 in
3117 1961 3386 2054 partem
3453 1957 3801 2032 vocandus
3845 1962 3992 2045 est,
4041 1962 4124 2030 ut

1069 2076 1419 2151 iudicetur
1478 2075 1565 2148 de
1614 2073 1873 2163 forma,
1940 2073 2458 2174 magnitudine,
2507 2073 2839 2164 firmitate
2879 2097 3118 2148 earum
3162 2077 3508 2175 partium,
3560 2101 3742 2177 quae
3787 2076 4120 2152 extrinse-

1066 2221 1191 2272 cus
1236 2195 1433 2295 tangi
1481 2200 1764 2294 possent
1783 2252 1803 2281 ,
1868 2194 1957 2268 de
2000 2193 2278 2294 organis
2328 2194 2630 2269 externis
2653 2253 2673 2282 ,
2726 2193 2814 2267 de
2861 2195 3287 2284 tumoribuS,
3355 2203 3527 2272 caet.
3630 2197 3854 2295 Saepe
3909 2195 4121 2270 etiam

1068 2317 1351 2392 auditus
1430 2313 1873 2389 adhibendus
1946 2322 2091 2402 est,
2166 2339 2345 2414 qun,
2421 2311 2818 2413 spontaneis
2891 2314 3076 2388 sonis
3139 2314 3624 2406 observandis,
3693 2317 3784 2392 de
3843 2317 4124 2416 organis

1071 2437 1346 2537 quibus·
1405 2434 1746 2521 eduntur,
1819 2433 2202 2522 iudicetur,
2274 2441 2400 2509 aut
2474 2434 2709 2508 sonitu
2767 2433 3100 2508 eliciendo
3147 2436 3349 2510 cuius
3403 2437 3551 2534 ipse
3595 2444 3704 2512 est
3743 2443 3984 2512 auctor
4033 2435 4124 2510 de

1065 2555 1551 2656 magnitudine
1623 2578 2041 2654 organorum
2112 2561 2342 2628 aerem
2418 2575 2558 2629 non
2620 2551 3128 2627 continentium
3198 2578 3378 2652 quae
3439 2550 3594 2629 aliis
3661 2562 3894 2630 aerem
3957 2577 4120 2630 con·

1064 2676 1448 2752 tinentibus
1511 2674 2051 2751 circumdantur.
2152 2673 2706 2774 Nonnumquam
2781 2672 2988 2748 etiam
3052 2673 3380 2749 odoratus
3447 2681 3520 2749 et
3573 2681 3899 2774 gustatus
3964 2674 4122 2750 iura

1063 2821 1191 2873 sua
1238 2796 1626 2884 vindicant,
1676 2803 1747 2870 et
1792 2820 1997 2896 opem
2043 2796 2279 2871 ferunt
2333 2796 2408 2870 in
2470 2793 2968 2896 phaenomenis
3029 2794 3423 2883 obiectivis,
3473 2819 3653 2895 quae
3701 2795 3853 2871 aliis
3901 2795 4118 2870 sensi-

1060 2917 1195 2991 bus
1242 2917 1502 3015 percipi
1550 2939 1690 2990 non
1759 2924 2073 3013 possunt.
2171 2915 2248 2989 Si
2312 2939 2472 2990 vero
2530 2916 2700 2991 haec
2768 2915 3002 2990 omnia
3067 2939 3210 2990 non
3277 2915 3674 3006 sufficiunt,
3739 2915 4119 3015 exploratio

1062 3036 1356 3112 telarum
1413 3035 1843 3135 microscopii
1896 3059 2028 3135 ope
2074 3036 2183 3110 vel
2232 3035 2589 3135 indagatio
2635 3035 2942 3111 chemica
2998 3043 3122 3111 aut
3166 3036 3689 3113 microchemica
3739 3037 4116 3112 fluidorum

1057 3156 1441 3233 necessaria
1490 3155 1622 3229 erit
1676 3163 1747 3231 et
1804 3180 1915 3231 res
1959 3154 2265 3231 occultas
2314 3155 2390 3231 in
2433 3156 2656 3230 lucem
2702 3154 3021 3255 proferet.

1204 3275 1542 3365 Habetis„
1586 3274 1676 3352 A.
1723 3276 1823 3351 H.
1870 3275 2359 3352 adumbratam
2413 3274 2792 3375 imaginem
2839 3276 2990 3350 eius
3044 3274 3234 3375 quod
3279 3283 3514 3352 nostra
3567 3282 3794 3353 aetate
3845 3276 3919 3351 in
3965 3301 4114 3353 me·

1057 3397 1213 3473 dica
1251 3403 1399 3472 arte
1456 3397 1831 3471 observatio
1873 3396 2147 3474 dicitur.
2250 3396 2327 3470 Si
2369 3420 2535 3472 vero
2581 3396 2896 3471 medicus
2933 3420 3378 3496 nequaquam
3425 3396 3846 3496 experientia
3878 3405 4112 3497 potest

1051 3541 1311 3607 carere,
1381 3516 1443 3591 si
1506 3516 1901 3591 observatio
1960 3517 2411 3617 praecipuum
2464 3524 2572 3593 est
2618 3515 3012 3591 subsidium
3031 3575 3052 3606 ,
3117 3542 3260 3617 quo
3317 3518 3744 3617 experientia
3783 3525 4066 3619 paretur
4086 3578 4109 3609 ,

1053 3662 1261 3712 nemo
1331 3662 1497 3712 sane
1565 3636 1934 3713 mirabitur
1996 3637 2057 3711 si
2122 3634 2594 3712 demonstrare
2654 3635 2956 3712 conabor
3019 3636 3280 3737 largam
3331 3637 3743 3737 observandi
3793 3637 4065 3738 copiam
4083 3696 4105 3728 ‚

1056 3781 1268 3855 quam
1316 3756 1497 3831 bene
1540 3764 2016 3855 comparatum
2080 3756 2560 3832 nosocomium
2615 3757 2842 3832 solum
2890 3758 3328 3858 suppeditat,
3381 3757 3785 3857 ubicunque
3836 3758 4108 3834 medica

1054 3901 1165 3951 ars
1213 3876 1531 3951 tradatur
1548 3934 1569 3967 ,
1615 3882 1851 3951 nostra
1902 3878 2303 3977 praesertim
2348 3884 2574 3953 aetate
2593 3935 2614 3968 ,
2662 3900 3107 3977 nequaquam
3155 3875 3529 3955 desiderari
3583 3902 3808 3977 posse.

1150 3996 1382 4071 Nemo
1444 3997 1527 4071 fit
1588 3996 1810 4096 pictor
1866 3996 2005 4072 nisi
2062 3996 2187 4097 qui
2246 3997 2529 4087 didicit,
2599 4021 2806 4072 nemo
2860 3998 3236 4073 statuarius
3286 3998 3421 4073 nisi
3463 4021 3741 4074 summa
3775 3996 4104 4073 exercita-

1051 4114 1264 4191 tionis
1308 4115 1751 4205 assuiditate;
1802 4117 2015 4193 etiam
2056 4117 2131 4192 in
2185 4116 2455 4193 artibus
2493 4117 2863 4193 levioribus
2907 4124 2980 4192 et
3021 4116 3328 4193 artificiis
3371 4116 3902 4217 simplicissimis
3951 4117 4096 4193 cui-

1052 4236 1157 4311 vis
1240 4236 1315 4310 in
1396 4244 1726 4336 promptu
1768 4223 1913 4312 ‘est
1987 4237 2291 4338 peritum
2369 4236 2704 4314 artificem
2775 4262 2818 4313 a
2894 4236 3234 4337 discipulo
3300 4238 3610 4339 primum
3683 4236 4101 4337 magistrum

1046 4356 1351 4433 imitanti
1437 4357 1920 4434 internoscere.
2036 4357 2181 4433 Alii
2261 4358 2549 4458 quidem
2567 4346 2588 4361 ⁸
2635 4359 2727 4433 ad
2803 4358 2975 4435 alias
3043 4368 3228 4436 artes
3301 4368 3470 4435 sunt
3539 4359 3881 4460 aptiores;
3960 4382 4104 4459 quo

1048 4478 1271 4576 aptior
1332 4477 1492 4577 quis
1548 4476 1680 4552 erit
1740 4502 1823 4552 eo
1892 4477 2187 4553 maiores
2230 4487 2438 4553 erunt
2479 4478 2827 4578 profectus
2843 4538 2865 4569 ‚
2915 4480 3041 4555 sed
3082 4482 3293 4558 etiam
3338 4481 3441 4556 illi
3482 4481 3607 4579 qui
3649 4479 4096 4579 praestantis-

1047 4597 1225 4673 sima
1279 4596 1511 4673 indole
1573 4604 1740 4673 sunt
1784 4597 2082 4698 praediti
2122 4597 2273 4673 sine
2322 4598 2810 4675 exercitatione
2859 4623 3222 4701 nunquam
3265 4625 3444 4702 opus
3491 4599 3859 4676 conficient
3907 4596 4098 4699 quod

1044 4735 1203 4789 vere
1264 4716 1634 4817 pulchrum
1692 4725 1765 4792 et
1811 4742 2153 4818 magnum
2200 4718 2490 4795 dicatur.
2591 4720 2806 4799 Quod
2855 4746 3014 4797 vero
3056 4722 3132 4797 in
3178 4722 3422 4821 quavis
3472 4728 3620 4797 arte
3673 4720 4096 4796 addiscenda
4141 4728 4150 4737 ’

1042 4835 1503 4914 necessarium
1572 4838 1869 4915 habetur
1882 4897 1907 4931 ,
1978 4862 2066 4917 eo
2136 4838 2555 4917 medicinam
2621 4849 2841 4919 artem
2891 4841 3395 4919 nobilissimam
3441 4864 3736 4943 eamque
3775 4838 4093 4917 difficilli·
4147 4872 4150 4877 ·
