4730 6049
1684 1124 2139 1233 ACTA
2250 1128 2414 1231 IN
2543 1126 3236 1253 SENATU

1869 1456 1944 1517 A.
1986 1454 3067 1530 clolooccntx—clolocccm,

1703 1740 2054 1819 Rue-ron
2100 1742 2646 1819 BERNARDO
2695 1744 2890 1819 TER.
2935 1744 3240 1821 HAAR.

1300 1879 1785 1959 Gnarmamo
1835 1883 2608 1962 CHRISTOPHORO
2656 1886 3107 1963 HENRICO
3155 1884 3635 1963 DIDERICO

2118 2006 2370 2082 BUYS
2417 2006 2826 2083 BALLO'I'.

918 2653 1075 2733 Die
1126 2656 1223 2731 28
1270 2678 1367 2733 m.
1416 2654 1683 2731 Martii.
1782 2656 1895 2731 Ex
1930 2655 2365 2765 ‚Curatomm
2410 2658 2688 2733 decreto
2735 2634 2812 2731 in
2861 2656 3050 2731 hunc
3102 2656 3290 2732 diem
3333 2656 3630 2733 dilatum
3685 2664 3793 2733 est
3829 2658 4010 2733 Aca-

808 2804 816 2809 ·
1290 2774 1559 2855 demiae
1625 2774 1909 2852 festum.
2010 2776 2269 2856 Rector
2330 2778 2758 2878 Magnificus
2776 2836 2798 2868 ‚
2869 2800 3146 2853 rum-nus
3213 2799 3546 2853 Hammo
3564 2830 3587 2870 ,
3653 2803 3698 2853 a
3750 2776 4018 2853 Senatu

1284 2894 1739 2995 Amplissimo
1806 2895 1882 2969 in
1957 2897 2359 2975 cathedram
2423 2897 2705 2975 ducitur
2726 2956 2748 2988 ,
2811 2905 2924 2988 et,
2985 2896 3404 2975 Academiae
3467 2896 3632 2973 fatis
3681 2896 4016 2973 enarratis

1286 3015 1623 3118 lectisque
1698 3015 2051 3094 Ordinum
2121 3017 2398 3102 iudiciis
2469 3019 2559 3095 de
2629 3018 3333 3097 commentationibus
3400 3018 3494 3097 ad
3575 3016 4015 3120 quaestiones

1290 3136 1667 3237 superioris
1710 3137 1879 3213 anni
1925 3138 2159 3224 missis
2176 3197 2198 3229 ,
2248 3139 2558 3240 praemia
2609 3141 2987 3216 victoribus
3035 3140 3268 3217 tradit.

1385 3255 1702 3334 Victores
1720 3316 1741 3346 ‚
1790 3259 2098 3357 praemio
2132 3279 2343 3359 aureo
2383 3261 2654 3351 ornati,
2694 3267 2862 3344 sunt

1384 3377 1809 3465 Anonmns,
1832 3402 1983 3454 vm
2025 3402 2255 3470 ovim,
2300 3381 2522 3460 Acad.
2553 3381 2977 3482 Lugd.-Bat.
3015 3379 3186 3456 civis
3203 3437 3225 3470 ,
3271 3379 3346 3454 in
3385 3379 3746 3455 Facultate
3781 3377 4009 3453 Math.

1291 3502 1365 3572 et
1412 3498 1595 3574 Phil.
1648 3497 1819 3578 Nat.
2307 3544 2318 3555 =

1384 3617 1857 3694 annnmous
1921 3641 2337 3695 mnovmus
2409 3644 2744 3696 numanus
2763 3679 2786 3711 ,
2863 3619 3084 3696 Acad.
3157 3616 3585 3716 Lnga-Eat.
3651 3613 3862 3706 civis,
3935 3614 4012 3689 in

1292 3735 1653 3812 Facultate
1695 3736 2131 3838 Theologica.
2236 3737 2430 3814 Huic
2447 3798 2470 3828 ,
2521 3746 2703 3814 sorte
2753 3737 3040 3814 iubente
3060 3796 3082 3828 ‚
3131 3737 3518 3837 praemium
3560 3757 3854 3811 aureum
3901 3758 4010 3810 as-

1294 3856 1650 3957 signatum
1694 3864 1839 3934 est.
1823 3891 1861 3912 ·-
1892 3879 2314 3934 Amnomus
2358 3867 2596 3936 autem
2646 3882 2979 3947 mmor,
3029 3857 3400 3936 Seminarii
3441 3855 4012 3956 Teleiobaptista-

1293 3999 1491 4065 rum,
1563 3977 1755 4076 quod
1822 3979 2331 4055 Amstelodami
2403 3987 2551 4069 est,
2620 3979 2992 4069 alumnus,
3062 3977 3378 4054 eiusdem
3450 3977 3657 4076 plane
3733 3975 4014 4053 honoris

1294 4096 1520 4172 socius
1570 4096 1959 4173 declaratus
2011 4107 2120 4174 est
2168 4107 2243 4175 et
2292 4107 2623 4200 argenteo
2667 4098 2975 4201 praemio
3024 4106 3334 4175 ornatus.

1396 4217 1791 4294 Annmnus
1859 4241 2315 4295 rnnnnmcus
2381 4240 2796 4294 nunovmus
2855 4239 3243 4305 onnoonr,
3308 4214 3528 4292 Acad.
3581 4213 3846 4315 Lugd„
3817 4213 4014 4294 -Bat.·

1298 4334 1501 4426 civis,
1550 4343 1623 4412 et

1397 4456 1808 4532 Gnnsnnus
1856 4477 2335 4532 montaum(
2353 4513 2376 4546 ,
2438 4447 2658 4533 Acad.
2703 4454 3280 4532 Rheno-Traiect.
3329 4452 3497 4528 civis
3515 4510 3538 4540 ,
3593 4457 3886 4549 uterque
3931 4449 4006 4524 in

1301 4573 1661 4651 Facultate
1714 4575 2038 4652 Iuridica.
3213 4599 3222 4606 ·

1398 4695 1782 4772 Ana-omns
1848 4719 2217 4772 unsarans
2284 4719 2818 4787 scnnnmm,
2874 4661 3098 4774 Acad.
3162 4687 3738 4767 Rheno-Traiect.
3798 4687 3966 4764 civis
3985 4744 4009 4778 2

1300 4811 1377 4889 iu
1417 4815 1779 4894 Facultate
1830 4816 2133 4895 Medica.
