4730 6049
1645 667 1942 736 ORDO
2009 669 2669 739 LECTIONUM.
3552 676 3685 741 375

625 889 829 963 ticam
897 883 1163 973 tradet3
1247 882 1562 957 Obemiae
1631 880 2124 983 technoloyicae
2193 884 2427 980 capita
2488 881 2563 955 in
2626 904 2835 956 usum
2898 878 3263 980 publicum
3314 880 3692 982 explicabit

624 1006 874 1083 diebus
933 1004 1178 1081 Lunae
1243 1008 1316 1077 et
1382 1000 1636 1078 Martis
1658 1056 1678 1089 ,
1744 998 1914 1075 hora
1977 998 2451 1099 pomeridiana
2495 997 2643 1089 V13
2724 999 3064 1075 Chemiam
3123 1003 3511 1097 practicam
3562 1000 3689 1077 do-

625 1125 812 1203 cebit
861 1134 938 1201 et
983 1124 1354 1199 Eaeerdiia
1413 1122 1766 1220 analytica
1809 1119 1884 1195 in
1929 1118 2379 1195 laaboratorio
2424 1118 2897 1195 moderabitur
2946 1119 3278 1220 quotidie.

1439 1317 1552 1392 IN
1598 1314 1716 1391 ΕΑ
1728 1313 2167 1391 CULTATE
2215 1314 2874 1391 THEOLOGICA.

721 1506 1000 1559 rnrnus
1047 1504 1421 1557 nors'rnnn
1469 1502 1566 1556 nn
1609 1500 1852 1555 aanor
1899 1478 2149 1553 diebus
2195 1474 2440 1553 Lunae
2480 1484 2553 1551 et
2592 1478 2921 1553 Mercurii
2935 1535 2955 1566 ,
3006 1477 3175 1554 hora
3218 1479 3403 1555 VIII
3422 1538 3445 1568 ,
3492 1479 3685 1555 Mar-

621 1603 714 1679 tis
734 1662 757 1694 ,
806 1604 974 1679 hora
1011 1603 1085 1678 X
1099 1661 1121 1694 ,
1170 1602 1558 1679 Historiam
1608 1601 1966 1676 Ecclesiae
2026 1600 2459 1674 Christianae
2480 1656 2501 1686 ,
2552 1598 2813 1673 secund
2821 1622 2939 1673 um
2985 1599 3435 1675 lineamenta
3448 1657 3471 1690 ,
3517 1623 3562 1674 a
3608 1624 3685 1675 se
3762 1668 3769 1675 .

620 1724 808 1824 typis
873 1724 1230 1825 divulgata
1249 1781 1272 1813 ,
1335 1720 1685 1797 enarrabit
1699 1755 1721 1811 3
1785 1720 2038 1796 diebus
2093 1720 2338 1795 Lunae
2359 1776 2383 1809 ,
2452 1719 2785 1795 Mercurii
2840 1725 2911 1793 et
2966 1706 3257 1796 Veneris
3280 1779 3301 1809 ,
3355 1720 3523 1795 hora
3568 1719 3645 1795 X
3662 1778 3685 1812 ,

616 1843 1092 1945 Doqmatiaam
1132 1850 1228 1919 'et
1291 1843 1790 1942 Apoloyeticam
1857 1842 2316 1915 Christianam
2337 1896 2360 1928 ,
2430 1839 2817 1914 secundum
2884 1841 3350 1941 Compendiam
3400 1866 3443 1916 a
3492 1865 3567 1916 se
3612 1849 3690 1915 et

617 1986 686 2039 ιι.
758 1989 828 2057 q.
891 1986 1187 2040 raanan
1253 1962 1561 2050 editum,
1627 1968 1964 2061 exponet3
2031 1960 2286 2035 diebus
2345 1958 2591 2035 Lunae
2638 1966 2711 2035 et
2754 1962 3125 2050 Mercurii,
3188 1961 3354 2036 hora
3406 1960 3557 2049 IX,
3612 1967 3685 2037 et

618 2082 874 2157 Martis
888 2139 911 2172 ,
983 2082 1154 2158 hora
1213 2081 1326 2157 XI
1344 2139 1367 2172 ,
1444 2080 1872 2180 Theoloyiam
1944 2080 2353 2154 Nalm-alem
2369 2137 2390 2168 ,
2468 2080 2855 2155 secundum
2950 2083 3413 2179 Compendium
3490 2106 3533 2157 a
3612 2106 3689 2159 se

618 2201 886 2277 editum
904 2260 927 2290 ,
975 2202 1206 2277 tradet
1222 2234 1243 2291 3
1293 2200 1546 2277 diebus
1593 2200 1926 2277 Mercurii
1971 2208 2044 2275 et
2088 2197 2383 2275 Veneris
2400 2257 2423 2289 ,
2480 2200 2651 2276 hora
2696 2200 2735 2273 Ι
2752 2259 2773 2290 ,
2826 2201 3251 2301 Z’heoloqiam
3302 2203 3641 2277 Biblicam
3662 2261 3683 2291 ,

617 2321 1004 2397 secundum
1051 2322 1500 2397 Lineamenta
1546 2346 1590 2397 a
1637 2345 1714 2397 se
1759 2320 1983 2409 edita,
2031 2318 2427 2420 explicabit.

714 2464 1134 2519 mmowcus
1183 2464 1618 2517 armenus
1653 2464 1946 2516 mauu
1994 2438 2244 2515 diebus
2281 2439 2471 2513 Iovis
2498 2445 2573 2513 et
2594 2432 2932 2529 Veneris,
2962 2438 3131 2517 hora
3160 2442 3302 2531 XI,
3348 2444 3681 2542 Eutych-

593 2564 930 2661 paediam
984 2562 1302 2662 Tbeoloyi
1360 2562 1780 2649 Christiani,
1843 2559 2228 2635 secundum
2293 2560 2801 2657 Compendium,
2851 2584 2895 2633 a
2942 2582 3018 2634 se
3064 2564 3137 2635 et
3188 2584 3254 2637 P.
3302 2584 3683 2637 norsrnnn

610 2706 712 2759 nn
780 2704 1025 2757 aanor
1077 2681 1392 2772 editum,
1441 2688 1776 2781 exponet,
1827 2679 2078 2756 diebus
2120 2679 2419 2768 Martie,
2466 2678 2800 2753 Mercurii
2846 2685 2919 2753 ct
2967 2678 3198 2769 Iovis,
3266 2679 3435 2756 hora
3500 2683 3643 2757 XII

611 2800 1002 2877 secundum
1057 2802 1524 2900 Conmendium
1569 2824 1817 2890 suum,
1877 2800 2064 2899 typis
2117 2822 2565 2899 expressum,
2613 2797 2691 2873 in
2734 2799 3161 2899 Theoloyiam
3221 2802 3683 2879 Christianam

609 2924 932 2999 moralem
983 2920 1330 3021 inquiret3
1395 2921 1648 2997 diebus
1693 2922 1938 2997 Lunae
1991 2929 2204 3020 atque
2254 2918 2593 3009 Veneris,
2642 2919 2811 2993 hora
2855 2917 3052 3007 XII,
3102 2926 3174 2993 ct
3216 2919 3331 2993 die
3385 2920 3679 3012 Martis,

608 3041 780 3118 hora
817 3044 858 3117 I
875 3101 898 3135 ,
947 3043 1098 3120 loca
1148 3043 1485 3122 nonnulla
1523 3044 2080 3118 Hermeneutices
2122 3067 2367 3117 sacrae
2388 3098 2410 3131 ,
2460 3039 2849 3114 secundum
2910 3040 3377 3139 Compendium
3430 3065 3639 3117 suum
3654 3101 3679 3134 ,

607 3162 797 3261 typis
838 3163 1152 3254 editum,
1203 3162 1528 3240 tractabit
1571 3169 1644 3238 et
1687 3161 2032 3262 quaedam
2092 3162 2415 3237 Carmina
2464 3158 2821 3236 Hebraioa
2857 3185 3019 3235 cum
3070 3160 3681 3238 commilitonibus

606 3281 1216 3384 interpretabitur,
1263 3283 1338 3358 in
1378 3285 1766 3360 Historiam
1809 3285 2117 3359 criticam
2156 3283 2481 3358 librorum
2514 3283 2599 3357 V.
2628 3281 2715 3356 F.
2760 3277 3067 3378 inquiret
3104 3279 3355 3355 diebus
3396 3281 3678 3374 Lunae,

606 3400 776 3479 hora
821 3404 907 3494 Ι,
957 3411 1032 3479 et
1072 3403 1658 3494 Mercurii,h01a
1699 3398 1835 3478 XI.
3524 3465 3537 3476 .

711 3545 1166 3600 eunanmms
1233 3546 1622 3600 nuunmnc
1679 3523 1794 3598 die
1851 3524 2137 3613 Lunae,
2187 3521 2358 3597 hora
2404 3518 2561 3609 XI,
2611 3526 2683 3595 et
2726 3479 2843 3594 die
2893 3519 3119 3609 Iovis,
3169 3519 3337 3596 hora
3386 3521 3466 3611 I,
3516 3528 3680 3622 aget

605 3642 692 3716 de
759 3641 1086 3717 Historia
1152 3649 1224 3718 et
1283 3644 1368 3717 de
1440 3643 1696 3717 Oritica
1751 3642 2073 3716 librorum
2127 3641 2312 3714 Novi
2363 3639 2744 3724 Eaedem&
2794 3638 2907 3715 die
2961 3639 3247 3729 Martis,
3295 3638 3465 3715 hora
3518 3640 3674 3732 IX,

603 3762 1063 3861 Euanyelium
1102 3783 1460 3837 ιοιιΑΝΝιε
1480 3819 1503 3851 ,
1552 3761 1724 3860 Cap.
1767 3760 2054 3835 1--X11
2075 3819 2096 3849 ,
2155 3784 2318 3834 cum
2363 3757 2976 3836 Commilitonibus
3018 3760 3280 3836 cursim
3326 3760 3556 3860 leget,
3602 3771 3674 3838 et

605 3879 858 3956 diebus
902 3881 1090 3957 Iovis
1131 3889 1204 3956 et
1251 3881 1542 3957 Veneris
1563 3938 1587 3970 ‚
1651 3880 1820 3956 hora
1869 3879 1982 3954 IX
2005 3937 2026 3968 ,
2090 3879 2481 3978 Epiatolam
2526 3901 2749 3952 mum
2800 3881 2901 3954 ad
2939 3880 3286 3956 Romanos
3335 3879 3675 3982 interpre-

599 3996 870 4072 tabitur
887 4032 910 4088 3
989 3997 1242 4074 diebus
1311 3996 1565 4074 Martis
1633 4005 1705 4072 et
1771 3995 2095 4086 Veneris,
2165 3996 2334 4070 hora
2408 3993 2590 4070 VIII
2611 4053 2634 4085 ,
2708 4003 2781 4072 et
2846 3998 2959 4074 die
3026 3999 3213 4075 Iovis
3233 4058 3256 4090 ,
3320 4000 3492 4077 hora
3558 4000 3675 4093 X,

607 4115 1037 4217 Theoloyiam
1082 4117 1475 4193 Prae-ticam
1526 4116 1794 4206 tradet,
1861 4115 2246 4192 secundum
2307 4116 2773 4214 Compendium
2824 4142 3035 4194 suum
3049 4176 3074 4209 ,
3122 4120 3308 4220 typis
3358 4119 3629 4197 editum
3641 4155 3665 4213 3

602 4233 718 4310 die
747 4235 1080 4327 Veneria,
1121 4237 1288 4314 hora
1316 4238 1424 4312 IV
1452 4238 1850 4327 dimidiata,
1890 4239 2220 4316 caercitia
2249 4237 2670 4314 Homiletica
2687 4296 2710 4328 ,
2741 4245 2813 4313 et
2838 4239 2951 4313 die
2977 4239 3304 4329 Saturni,
3330 4241 3497 4316 hora
3518 4240 3668 4330 XI,

603 4357 934 4431 exercitia
984 4357 1490 4456 provectiorum
1553 4358 1977 4433 Oatechetica
1993 4415 2016 4447 ,
2070 4382 2232 4434 cum
2287 4358 2523 4458 pueris
2568 4358 3003 4436 instituenda
3019 4418 3042 4450 ,
3092 4359 3587 4436 moderabitur.

697 4474 1314 4574 Disputationibus
1365 4502 1528 4553 cum
1569 4476 1869 4576 publicis
1917 4486 2070 4552 tum
2115 4478 2401 4578 privatis
2440 4478 2529 4554 de
2558 4479 2765 4553 Locis
2806 4480 3220 4580 Theoloyicis
3236 4538 3260 4570 ‚
3312 4480 3427 4554 die
3472 4481 3661 4556 Mer-

599 4592 774 4667 curii
793 4651 816 4684 ,
865 4593 1035 4672 hora
1072 4596 1189 4670 111
1209 4653 1231 4686 ,
1281 4597 1426 4674 suis
1477 4597 1744 4674 vicibus
1761 4654 1784 4688 ,
1831 4605 2205 4698 praeerunt
2251 4597 2667 4699 Theologiae
2713 4598 3163 4676 Professores.
