4730 6049
1716 589 2412 714 -ORA‘rlos
3527 644 3614 711 67

546 855 1068 955 potestateml'”
1134 855 1503 933 Quantum
1544 853 1761 930 distat
1802 854 1897 930 ab
1940 854 2071 930 hoc
2114 853 2624 954 simplicissimo
2661 861 3030 954 praecepto
3069 853 3344 954 regula,
3372 869 3595 951 ‘quarn

546 973 967 1048 moentiores
1020 973 1539 1050 Hermenentae
1558 1033 1578 1062 ,
1639 974 1955 1051 techniea
2012 999 2191 1074 quae
2258 975 2514 1050 dicitur
2573 973 3013 1048 distinctione
3071 974 3182 1048 usi
3231 973 3332 1048 sic
3376 971 3600 1071 expri-

547 1099 756 1166 munt
770 1124 791 1165 z
842 1092 1333 1190 grammaticae
1378 1101 1451 1166 et
1491 1092 1751 1192 logicae
1798 1092 2383 1192 interpretationis
2431 1118 2566 1193 ope
2611 1119 2894 1169 sensum
2941 1093 3116 1193 legis
3161 1119 3312 1168 ene
3359 1090 3600 1191 exqui-

541 1211 883 1287 rendum!
962 1214 1199 1292 Quam
1260 1212 1447 1286 van'o
1510 1237 1723 1286 sensu
1780 1213 2007 1311 posita
2072 1221 2143 1288 et
2202 1221 2521 1311 accepta,
2591 1239 2804 1312 quam
2867 1213 3137 1290 diversa
3193 1213 3460 1288 ratione
3525 1211 3602 1287 in

548 1353 759 1404 usum
826 1330 1143 1405 adhibita
1194 1355 1339 1406 non
1402 1339 1513 1406 est
1580 1332 1731 1432 ipsa
1798 1331 1917 1406 illa
1992 1331 2378 1421 distinctio,
2445 1342 2618 1432 quot
2675 1342 2748 1408 et
2814 1334 3096 1432 quantis
3157 1357 3400 1408 ansam
3459 1356 3600 1408 non

548 1447 747 1524 dedit
800 1451 1181 1524 erroribus!

647 1571 853 1649 Quae
912 1579 1147 1646 tamen
1206 1569 1663 1645 recentiorum
1708 1570 2063 1646 distinctio
2080 1631 2101 1661 ,
2152 1573 2213 1646 si
2258 1570 2596 1646 servanda
2651 1570 2998 1645 videbitur
3019 1629 3040 1660 ,
3091 1571 3417 1670 equidem
3455 1587 3597 1646 non

544 1713 897 1790 repugno,
972 1691 1183 1766 modo
1254 1715 1343 1764 ne
1412 1693 1864 1790 grammatica
1932 1701 2005 1767 et
2067 1692 2289 1792 logica
2354 1691 2830 1790 interpretatio
2884 1699 3240 1790 tamquam
3295 1691 3478 1766 inter
3523 1715 3598 1766 se

544 1809 905 1910 oppositae
964 1819 1036 1884 et
1100 1809 1363 1884 viribus
1414 1835 1733 1910 quaeque
1790 1813 1935 1887 suis
1984 1813 2119 1887 niti
2165 1814 2518 1900 dicantur;
2570 1812 2778 1884 modo
2826 1811 2900 1886 in
2953 1811 3146 1886 omni
3191 1811 3594 1911 interpreta-

544 1928 735 2005 tione
759 1987 780 2017 ,
854 1954 1098 2004 eorum
1160 1931 1371 2004 etiam
1438 1955 1619 2029 quae
1680 1933 1861 2008 clare
1922 1935 2283 2008 enuntiata
2338 1941 2508 2008 sunt
2558 1931 2734 2029 legis
2775 1930 3028 2029 placita
3049 1989 3069 2018 ,
3117 1929 3191 2004 et
3235 1929 3308 2005 in
3367 1956 3596 2030 gram·

546 2051 875 2126 maticam
915 2051 1285 2126 verborum
1326 2051 1465 2126 vim
1506 2051 1901 2150 inquiratur
1918 2109 1937 2140 ‚
1988 2075 2331 2149 quaenam
2379 2051 2470 2124 sit
2515 2048 2928 2148 significatio
2962 2048 3189 2122 verbis
3232 2047 3601 2124 tribuenda

550 2171 793 2246 sedulo
876 2172 1263 2246 secundum
1333 2171 1821 2271 grammatices
1886 2179 1961 2246 et
2038 2171 2430 2245 dialectices
2502 2169 2780 2267 regulas
2844 2167 3238 2267 exploretur
3253 2201 3272 2258 3
3343 2167 3413 2242 et
3467 2193 3602 2268 ope

545 2287 1133 2390 interpretationis
1202 2291 1463 2390 logicae
1534 2315 1733 2366 mens
1800 2291 1973 2390 legis
2042 2293 2087 2366 ὁ
2152 2291 2380 2390 λόγος
2437 2300 2574 2368 τοῦ
2634 2293 2885 2386 νόμου
2934 2298 3251 2377 eruatur3
3306 2299 3600 2388 utraque

547 2419 785 2486 autem
842 2411 1321 2510 interpretatio
1364 2412 1609 2487 intime
1654 2411 2023 2485 coniuncta
2065 2433 2293 2508 neque
2342 2435 2485 2484 una
2527 2410 2618 2484 ab
2667 2409 2883 2484 altera
2922 2417 3076 2483 tuto
3114 2409 3352 2484 divelli
3397 2435 3598 2508 posse

548 2531 1017 2619 existimetur-3
1090 2530 1300 2604 verbo
1320 2589 1341 2619 ,
1410 2531 1618 2606 modo
1676 2555 1767 2606 ne
1830 2531 1989 2629 quis
2040 2531 2498 2630 grammatice
2533 2529 2640 2604 vel
2687 2529 2906 2628 logice
2955 2555 3029 2604 se
3069 2530 3600 2627 interpretatum

549 2675 693 2726 ease
753 2652 946 2726 dieat
968 2709 989 2739 ,
1058 2651 1193 2725 nisi
1254 2659 1601 2751 quatenus
1650 2652 1723 2727 in
1771 2651 1901 2726 hae
1950 2651 2149 2724 illave
2198 2649 2352 2748 lege
2403 2649 2810 2748 explicanda
2851 2650 3302 2749 grammatica
3347 2650 3456 2723 vel
3499 2649 3596 2724 lo-

551 2771 701 2870 gica
764 2770 1243 2868 interpretatio
1309 2771 1495 2870 prior
1540 2798 1621 2848 ac
1664 2771 2013 2872 potentior
2050 2770 2280 2846 fuerit.
2383 2771 2542 2846 Hac
2581 2770 2868 2844 demum
2923 2769 3186 2842 ratione
3206 2826 3226 2857 ,
3275 2791 3390 2842 me
3445 2768 3596 2867 qui·-

550 2889 705 2964 dem
746 2889 1017 2978 iudice,
1068 2913 1278 2964 ein-,12³1
1322 2890 1533 2966 etiam
1576 2899 1941 2992 praecepto
1990 2890 2270 2966 obediet
2308 2890 2649 2989 interpres
2667 2923 2685 2980 ς
2735 2889 2836 2964 ita
2880 2889 3166 2964 demum
3208 2888 3414 2963 verba
3453 2913 3596 2962 non

548 3017 819 3085 tantum
885 3009 1013 3085 sed
1072 3010 1215 3085 vim
1264 3009 1475 3086 etiam
1525 3037 1607 3087 ac
1654 3017 2072 3110 potestatem
2116 3009 2349 3109 legum
2404 3017 2652 3085 tenens
2693 3009 2882 3109 leges
2933 3034 3006 3084 se
3059 3007 3230 3083 scire
3275 3015 3596 3107 rectaque

548 3130 807 3205 ratione
854 3131 1293 3229 interpretari
1330 3133 1655 3207 confidat.

636 3251 847 3326 Hanc
909 3251 1091 3325 viam
1150 3250 1505 3340 ineuntes,
1567 3250 1725 3325 ICti
1772 3257 2009 3325 tamen
2066 3274 2193 3323 suo
2244 3250 2576 3349 peculiari
2633 3272 2923 3323 munere
2971 3273 3114 3323 non
3161 3248 3596 3348 funguntur,

546 3371 713 3445 AA!
808 3372 897 3445 In
972 3369 1383 3469 legislatoris
1446 3372 1803 3447 voluntate
1873 3370 2051 3444 bene
2112 3370 2592 3470 cognoscenda
2651 3395 2732 3445 ac
2783 3368 3260 3467 perspicienda
3305 3368 3418 3442 vix
3461 3368 3597 3443 alio

549 3498 905 3565 versantur
968 3490 1177 3565 modo
1238 3516 1453 3590 quam
1522 3516 1663 3590 quo
1730 3491 2217 3589 unusquisque
2284 3490 2434 3590 agit
2501 3490 2702 3564 cuius
2761 3489 3125 3587 disciplina
3167 3496 3478 3563 versatur
3519 3488 3594 3561 in

548 3618 725 3683 recte
788 3610 1261 3709 intelligendis
1308 3612 1395 3685 iis
1442 3636 1619 3709 quae
1664 3613 1755 3687 ab
1804 3612 1937 3687 alio
1988 3612 2175 3686 dicta
2224 3610 2333 3685 vel
2381 3611 2634 3709 scripta
2679 3617 2863 3683 sunt.
2967 3610 3132 3708 Ipsa
3179 3607 3368 3681 enim
3417 3606 3594 3681 ratio

548 3726 849 3804 humana
906 3730 1109 3805 docet
1163 3740 1317 3804 tum
1364 3731 1653 3805 demum
1702 3731 1905 3805 nobis
1950 3738 2262 3805 constare
2310 3730 2401 3804 de
2445 3730 2532 3804 iis
2583 3754 2761 3828 quae
2805 3728 2982 3804 alius
3029 3727 3320 3815 dixerit,
3371 3751 3594 3825 quum

548 3868 681 3919 non
748 3848 975 3921 solum
1042 3848 1137 3921 ad
1204 3848 1413 3922 verba
1482 3848 1743 3946 quibus
1808 3874 1977 3924 usus
2031 3856 2174 3936 est,
2224 3848 2656 3923 attendimus
2709 3848 2834 3921 sed
2877 3848 3101 3947 ipsam
3147 3847 3440 3921 dicentis
3489 3846 3596 3921 vel

548 3965 905 4039 scribentis
975 3968 1281 4066 cogitata
1354 3968 1579 4044 verbis
1650 3992 1973 4068 expressa
2031 3968 2507 4069 percepimus3
2577 3969 2772 4068 quod
2837 3976 2916 4043 ut
2986 3970 3110 4043 fiat
3157 3968 3344 4067 ipsas
3395 3968 3596 4067 quasi

548 4082 837 4159 dicentis
904 4086 1011 4161 vel
1076 4087 1439 4162 scribentis
1500 4098 1729 4187 partes
1778 4089 1982 4163 nobis
2030 4112 2181 4165 esse
2234 4090 2540 4188 agendas
2559 4148 2580 4177 ‚
2631 4114 3001 4188 veramque
3045 4089 3234 4163 illius
3280 4089 3592 4164 volunta·

548 4212 683 4277 tem
760 4205 893 4280 hac
962 4207 1247 4281 demum
1318 4209 1713 4284 conditione
1780 4234 1867 4283 ex
1915 4208 2163 4281 -verbis
2226 4209 2402 4283 effici
2451 4234 2653 4308 posse
2701 4218 2785 4285 ut
2834 4219 3160 4309 appareat
3186 4268 3204 4299 ‚
3256 4210 3415 4309 quis
3434 4267 3454 4298 ,
3505 4208 3596 4285 ad

546 4348 751 4420 quem
774 4384 794 4412 ,
844 4350 987 4424 quo
1048 4336 1357 4425 tempore
1424 4336 1495 4402 et
1560 4328 1707 4403 loeo
1760 4327 2013 4403 dixerit
2057 4328 2167 4401 vel
2212 4329 2581 4427 scripserit.
2689 4328 2803 4404 Sic
2828 4388 2848 4417 ,
2901 4330 3004 4403 nti
3049 4330 3204 4403 ICti
3247 4352 3592 4427 gramma·

548 4440 747 4517 neam
801 4454 875 4519 et
918 4446 1209 4544 logicam
1248 4446 1887 4548 interpretationem
1931 4446 2359 4546 distinguere
2401 4458 2674 4538 amant,
2723 4448 2968 4525 eadem
3011 4448 3274 4522 ratione
3315 4446 3590 4521 eodem-

546 4585 679 4658 que
750 4566 1103 4662 proposito
1170 4566 1259 4641 de
1326 4566 1831 4667 'significatione
1905 4566 2271 4642 verborum
2336 4582 2408 4643 et
2477 4590 2688 4644 sensu
2749 4564 3137 4667 loquuntur
3203 4565 3548 4665 Philologi
3566 4624 3589 4655 ,

545 4683 1065 4777 grammaticam
1135 4709 1291 4760 vero
1348 4694 1421 4761 et
1470 4686 1867 4761 historicam
1920 4686 2027 4761 vel
2072 4689 2596 4785 grammaticam
2651 4697 2725 4763 et
2773 4685 3326 4787 psychologicam
3375 4684 3590 4759 inter·
3655 4673 3660 4680 ’

545 4800 1003 4897 pretationem
1056 4802 1483 4903 distinguere
1532 4806 1755 4881 solent
1802 4806 2159 4905 Theologi.

3157 4928 3202 4997 9
3218 4926 3262 4971 ¹}
