4730 6049
1290 1417 1761 1480 AOADEmAE
1804 1413 2273 1481 CURATOBES
2287 1463 2303 1492 ‚
2344 1417 2519 1480 VIBI
2559 1414 3019 1478 AMPLISSIMI
3035 1460 3052 1489 ,
3093 1415 3614 1478 NOBtLISSIMn

1290 1543 1433 1606 QUI
1472 1543 2029 1606 CURATORIBUS
2066 1543 2175 1604 AB
2216 1543 2445 1604 ACTIS
2483 1543 2578 1604 Es
2594 1587 2611 1616 ,
2652 1542 2794 1602 VIR
2833 1537 3492 1602 CONSULTISSIME!

1291 1669 1757 1732 ACADEMIAE
1796 1667 2115 1730 REOTOR
2155 1667 2638 1728 MAGchm

1288 1791 1869 1854 QUARUMLIBET
1900 1790 2530 1856 DISCIPLINARUM
2563 1789 3136 1864 PROFESSOBES,
3173 1791 3346 1852 VIBI
3379 1789 3851 1854 CLARIS-sm!

1290 1917 1513 1979 CIVES
1552 1911 2025 1981 AGADE‘JMIAE
2043 1964 2060 1993 ,
2103 1919 2454 1980 IUVENES
2491 1917 3008 2005 OBNAsrlssm
3023 1963 3040 1990 ‚
3081 1915 3818 1978 PRAESTANTISSIMM

1290 2041 1413 2102 ΟΠ]
1422 2043 1849 2106 USCUNQUE
1902 2044 2231 2106 OBDINIS
2286 2041 2742 2104 AUDITOBES
2797 2041 2946 2104 QUI
2985 2041 3126 2102 1110
3169 2041 3500 2102 ADESTIS
3538 2041 3858 2102 SPEc'rA·

1368 2144 1693 2206 TISSIMn

862 2615 1043 2690 Hac
1100 2638 1247 2712 qua
1298 2637 1421 2688 nos
1473 2612 1771 2690 vivimus
1818 2621 2045 2691 aetate
2064 2673 2085 2704 ,
2156 2638 2376 2714 quum
2433 2613 2670 2690 omnia
2714 2609 2974 2710 quibus
3018 2609 3531 2686 circumdamur
3576 2612 3856 2688 assidue

746 2735 1045 2811 mutari
1090 2742 1169 2808 et
1213 2757 1461 2808 novam
1506 2727 1823 2812 videmus
1858 2735 2149 2810 induere
2190 2735 2486 2810 formam
2508 2793 2529 2824 ,
2569 2756 2794 2832 quum
2834 2715 3070 2805 nullus
3111 2729 3254 2806 fere
3293 2738 3399 2806 est
3442 2731 3590 2806 dies
3607 2791 3628 2822 ,
3681 2733 3854 2831 quin

760 2881 961 2930 nova
1037 2855 1115 2928 in
1184 2853 1413 2928 lucem
1477 2855 1817 2955 prodeant
1874 2855 2314 2954 negotiorum
2378 2853 2840 2954 gerendorum
2914 2873 3168 2950 genera
3183 2907 3205 2940 ,
3281 2874 3502 2948 quum
3549 2850 3854 2926 locorum

758 2983 1328 3075 temporumque
1392 2973 1771 3050 intervallis
1833 2976 2037 3075 quasi
2104 2974 2390 3050 remotis
2445 2970 2940 3074 frequentique
2998 2970 3172 3047 adeo
3223 2971 3448 3073 magis
3493 2971 3856 3072 magisque

762 3095 963 3169 inter
1006 3101 1257 3195 gentes
1300 3094 1715 3173 commercio
1734 3154 1754 3185 ‚
1806 3119 1987 3194 quae
2036 3094 2466 3196 singularum
2507 3094 2872 3169 civitatum
2908 3090 3186 3191 propria
3223 3092 3364 3166 sint
3403 3092 3520 3167 vix
3555 3092 3858 3192 amplius

768 3220 1163 3311 apparent,
1234 3234 1453 3310 quum
1517 3212 1699 3287 vitae
1766 3213 2199 3289 consuetudo
2218 3270 2241 3305 ,
2309 3238 2538 3289 mores
2600 3218 2674 3287 et
2723 3210 3048 3287 instituta
3093 3218 3242 3287 toto
3289 3211 3480 3289 coelo
3524 3212 3858 3289 differunt

770 3334 869 3407 ab
914 3332 1003 3405 iis
1050 3356 1233 3431 quae
1274 3356 1319 3406 a
1362 3332 1739 3407 maioribus
1788 3332 2045 3408 tradita
2090 3333 2486 3433 accepimus
2507 3390 2527 3421 ‚
2577 3356 2801 3431 quum
2853 3330 3254 3407 nostrismet
3307 3330 3447 3407 iam
3492 3334 3626 3433 ipsi
3681 3334 3851 3435 legi-

770 3453 919 3525 bus
962 3452 1377 3552 proprioque
1424 3452 1575 3527 iure
1625 3453 1938 3552 regimur
1956 3510 1976 3541 ,
2029 3477 2250 3551 quum
2306 3452 2614 3552 denique
2661 3476 2910 3553 parum
2953 3451 3044 3527 sit
3067 3510 3090 3540 ‚
3141 3452 3285 3527 sive
3327 3451 3506 3527 vitae
3545 3452 3850 3553 privatae

774 3572 927 3645 sive
992 3571 1415 3670 reipublicae
1480 3572 1835 3672 regundae
1892 3573 2234 3649 rationem
2306 3580 2578 3673 spectes
2600 3628 2622 3663 ‚
2695 3572 2886 3671 quod
2953 3572 3291 3647 Romanis
3346 3572 3658 3648 invideas
3675 3632 3696 3662 ‚
3756 3574 3846 3648 ab

772 3690 915 3764 illis
966 3690 1421 3767 nihilominus
1464 3692 1635 3767 iuris
1688 3692 2112 3768 incunabula
2164 3700 2400 3793 petere
2421 3752 2440 3784 ‚
2492 3716 2726 3768 nonne
2777 3714 3013 3767 revera
3051 3692 3315 3767 mirum
3361 3692 3578 3767 videri
3618 3700 3850 3792 potest

774 3818 851 3883 et
926 3808 1311 3885 absurdum
1328 3813 1363 3885 ?
1456 3812 1653 3891 Quid
1718 3814 2011 3912 quaeso!
2086 3838 2311 3913 quum
2383 3820 2656 3890 mutata
2713 3835 2948 3887 rerum
3014 3810 3331 3887 omnium
3383 3812 3593 3901 facie,
3651 3813 3848 3889 novis

766 3929 1194 4028 urgentibus
1264 3930 1592 4007 humanis
1668 3933 2199 4009 necessitatibus
2283 3933 2824 4034 propagatisque
2903 3932 3160 4007 artium
3229 3940 3300 4007 et
3373 3932 3844 4009 doctrinarum

758 4048 1077 4138 finibu8‚
1128 4050 1263 4125 Icti
1318 4050 1443 4151 qui
1486 4052 1709 4127 futuri
1761 4060 1927 4127 sunt
1945 4112 1965 4142 ,
2016 4054 2385 4129 imbuendi
2437 4054 2578 4129 sint
2629 4052 3034 4128 notionibus
3076 4053 3425 4128 veteribus
3475 4062 3600 4129 aut
3635 4055 3842 4156 plane

751 4170 1151 4269 incognitis
1218 4178 1339 4245 aut
1409 4194 1679 4271 parum·
1726 4174 1816 4249 ab
1894 4173 1981 4247 iis
2046 4174 2390 4274 perceptis
2417 4232 2436 4264 ‚
2501 4172 2572 4247 in
2635 4172 2942 4272 antiquis
3011 4179 3084 4247 et
3139 4173 3466 4249 obsoletis
3523 4174 3800 4251 haerere
3816 4234 3838 4264 ,

748 4312 1011 4365 nonne
1086 4288 1455 4387 singularis
1521 4298 1629 4365 est
1695 4290 1995 4366 stultitia
2010 4292 2045 4364 P
2138 4292 2254 4367 An
2317 4291 2496 4367 forte
2555 4290 2718 4391 quis
2787 4291 2959 4367 iuris
3015 4292 3316 4369 Romani
3371 4294 3838 4393 cognitionem

730 4410 919 4485 ideo
1004 4408 1635 4485 commendandam
1708 4434 1859 4485 esse
1928 4416 2171 4509 putet,
2244 4412 2436 4510 quod
2512 4412 2817 4486 multum
2885 4411 3096 4487 faciat
3157 4413 3250 4489 ad
3310 4414 3564 4489 mentis
3615 4414 3836 4489 aciem

718 4526 1163 4606 acuendam
1214 4528 1619 4629 ingeniique
1673 4530 1851 4604 vires
1896 4531 2350 4607 excercendas
2369 4534 2406 4605 Ρ
2479 4531 2705 4611 Quasi
2747 4556 2908 4607 vero
2947 4533 3136 4609 hunc
3182 4534 3396 4607 finem
3441 4558 3580 4608 non
3627 4533 3834 4633 longe

702 4648 1037 4727 facilius
1080 4649 1465 4723 assecuturi
1504 4650 1758 4739 simus,
1796 4650 1857 4725 si
1895 4674 2099 4726 aures
2144 4651 2557 4751 animaeque
2587 4652 2764 4727 nihil
2799 4653 3290 4751 antiquatum,
3339 4652 3515 4729 nihil
3549 4653 3831 4745 inutile,

694 4769 857 4849 aed
920 4766 1015 4840 id
1076 4766 1274 4864 quod
1319 4767 1391 4843 in
1438 4768 1611 4869 ipsis
1656 4786 1888 4847 rernm
1940 4770 2211 4847 obtinet
2256 4773 2686 4872 argumentis
2735 4772 3127 4872 accipient?

3389 4893 3491 4967 6*
