4730 6049
1908 637 2472 708 ORATIO.
3637 643 3722 712 11

674 845 951 928 consilio
995 855 1273 924 tantum
1320 847 1639 938 adiuvet,
1699 831 1927 948 iisque
1972 847 2283 924 remedia
2324 847 2599 924 interna
2652 834 3110 982 praescribat,
3173 856 3438 950 quanto
3487 849 3716 950 magis

668 971 735 1048 id
804 969 994 1052 valet
1060 970 1137 1044 in
1206 955 1653 1069 chirurgum,
1722 969 1849 1068 qui
1909 975 2181 1068 praeter
2240 967 2397 1044 illas
2459 967 2677 1044 animi
2730 974 2804 1044 et
2865 970 3166 1071 corporis
3225 971 3462 1060 dotes,
3532 995 3712 1072 quae

668 1113 939 1168 summo
974 1089 1129 1164 iure
1170 1087 1245 1163 in
1286 1089 1671 1172 medicinae
1710 1089 1987 1166 doctore
2022 1090 2510 1191 requiruntur,
2561 1095 2799 1168 tantae
2837 1091 3302 1191 experientiae
3341 1098 3714 1192 tantaeque

668 1209 1171 1286 exercitationis
1216 1209 1489 1310 indiget
1536 1219 1619 1286 ut
1668 1211 2039 1288 artificium
2093 1211 2273 1286 bene
2324 1213 2400 1286 et
2445 1210 2734 1288 feliciter
2781 1217 3127 1300 exerceat3
3162 1219 3440 1311 quanto
3487 1211 3714 1314 magis

662 1330 733 1406 id
778 1330 961 1406 valet
1012 1330 1087 1404 in
1129 1329 1749 1414 obstetricatorem
1778 1355 2040 1409 munus
2082 1330 2598 1406 nobilissimum
2641 1329 2854 1430 digne
2905 1330 3297 1422 obiturum,
3371 1332 3497 1434 qui
3548 1357 3712 1408 cum

664 1449 909 1528 medici
951 1433 1267 1527 doctrina
1316 1451 1625 1552 chirurgi
1670 1451 2153 1528 dexteritatem
2202 1451 2621 1551 coniungere
2668 1449 2918 1540 debet,
2986 1451 3189 1527 cuius
3243 1439 3586 1528 auxilium
3628 1475 3710 1528 ac

664 1567 1019 1644 consilinm
1064 1569 1307 1668 generi
1356 1568 1665 1646 humano
1718 1570 1902 1645 tanti
1958 1577 2067 1646 est
2118 1568 2556 1659 faciendum,
2627 1595 2793 1646 cum
2859 1570 3106 1675 quovis
3165 1572 3495 1672 temporis
3559 1597 3708 1650 mo·

661 1697 889 1766 mento
934 1713 1119 1766 mors
1174 1697 1301 1766 aut
1340 1689 1482 1765 vita
1526 1690 1828 1766 duorum
1870 1690 2269 1766 mortalium
2318 1716 2406 1766 ex
2449 1715 2532 1766 eo
2585 1691 2942 1790 pendeat?

743 1811 945 1886 Haec
996 1835 1177 1911 quae
1222 1810 1371 1886 dixi
1410 1811 1579 1902 satis
1636 1819 1874 1901 erunt,
1938 1811 2217 1911 opinor,
2280 1810 2542 1909 quibus
2582 1811 2964 1911 unicuique
3007 1813 3538 1912 persuadeatur,
3587 1837 3706 1888 ex·

656 1920 1055 2029 parientiam
1090 1929 1285 2004 ‘nulli
1338 1928 1613 2006 medico
1663 1930 1807 2006 sive
1855 1939 2125 2029 partem
2179 1929 2566 2004 medicinae
2613 1930 2754 2005 sive
2809 1939 3030 2008 totam
3074 1932 3416 2008 medicam
3461 1931 3707 2031 praxin

626 2046 1031 2124 'exercitum
1049 2107 1071 2140 ,
1120 2049 1360 2126 deesse
1406 2049 1638 2141 licere3
1690 2075 1846 2126 eam
1890 2075 2042 2126 esse
2090 2075 2177 2125 ex
2218 2048 2309 2124 iis
2362 2073 2544 2149 quae
2595 2048 2948 2128 medicum
2994 2077 3137 2128 non
3186 2052 3396 2128 modo
3458 2059 3706 2128 ornent

656 2169 771 2246 sed
800 2170 1097 2259 faciant,
1134 2177 1207 2246 et
1247 2193 1401 2245 vere
1435 2168 1575 2244 dici
1604 2194 1809 2269 posse
1844 2169 2131 2270 paribus
2154 2169 2432 2271 ingenii
2464 2169 2783 2260 dotibus,
2817 2172 2968 2270 pari
3005 2172 3396 2248 studiorum
3433 2197 3664 2248 amore
3681 2230 3702 2266 ,

654 2287 801 2388 pari
836 2289 1201 2366 voluntate
1237 2289 1407 2364 alios
1444 2289 1823 2366 adiuvandi
1870 2289 2260 2378 medicum,
2326 2289 2451 2388 qui
2501 2288 2831 2366 maiorem
2878 2291 3134 2368 habeat
3173 2292 3664 2392 experientiam
3684 2351 3707 2384 ,

654 2407 897 2486 melius
942 2433 1205 2486 munus
1248 2410 1609 2494 obiturum
1658 2435 1831 2487 esse.

738 2529 941 2606 Haec
986 2529 1049 2606 si
1092 2529 1193 2606 ita
1242 2555 1318 2606 se
1370 2531 1635 2608 habent
1682 2555 1889 2606 nemo
1934 2529 2307 2606 contendet
2354 2555 2506 2606 rem
2549 2531 2745 2630 parvi
2783 2556 2934 2607 esse
2974 2529 3312 2607 momenti
3357 2531 3707 2630 quomodo

651 2649 759 2726 illa
806 2651 1239 2750 experientia
1276 2659 1561 2751 paretur
1606 2659 1679 2728 et
1730 2653 1829 2728 sic
1879 2651 2097 2727 oratio
2158 2651 2250 2728 ad
2310 2651 2602 2726 alteram
2651 2657 2922 2748 partem
2983 2650 3353 2726 deducitur
3399 2675 3543 2749 qua
3593 2675 3704 2726 os-

650 2771 925 2848 tendam
968 2771 1524 2854 observationem
1566 2773 1631 2850 si
1670 2797 1811 2848 non
1851 2771 2137 2848 unicum
2152 2829 2173 2861 ,
2223 2776 2530 2847 attamen
2569 2770 2782 2871 longe
2817 2771 3270 2871 praecipuum
3309 2768 3706 2846 subsidium

648 2889 851 2966 huius
890 2891 994 2967 rei
1046 2891 1443 2968 habendam
1502 2917 1679 2970 esse.
1798 2991 1805 2998 θ
2464 2993 2472 3000 .

734 3013 893 3089 Iam
960 3011 1189 3113 primo
1248 3013 1587 3115 adspectu
1604 3073 1627 3104 ,
1696 3012 1757 3089 si
1806 3036 2149 3089 memores
2200 3035 2448 3089 sumus
2471 3070 2494 3101 ,
2548 3036 2728 3111 quae
2783 3010 2876 3087 sit
2918 3009 3303 3109 medicinae
3349 3009 3543 3111 origo
3561 3070 3582 3101 ,
3628 3009 3706 3085 id

645 3140 849 3232 patet.
952 3133 1105 3213 Qui
1161 3134 1432 3233 primus
1493 3135 1722 3212 morbi
1790 3140 2287 3235 symptomate,
2370 3132 2603 3208 dolore
2617 3190 2639 3223 ,
2711 3131 3153 3210 functionum
3214 3130 3666 3232 impeditione
3679 3188 3702 3223 ,

644 3256 949 3329 tentatus
1010 3260 1119 3329 est
1133 3311 1155 3342 ,
1236 3261 1453 3353 atque
1512 3254 2007 3331 animadvertit
2073 3252 2341 3329 dolores
2411 3252 2764 3353 pressione
2829 3253 3072 3353 augeri
3087 3308 3110 3341 ,
3173 3251 3702 3351 impeditionem

644 3380 837 3449 motu
882 3373 1219 3449 maiorem
1266 3375 1451 3464 fieri,
1502 3399 1725 3474 quum
1769 3374 1847 3449 id
1893 3373 2109 3450 vitare
2152 3382 2548 3473 cogeretur,
2599 3398 2741 3472 quo
2796 3372 3065 3480 dolores
3108 3372 3696 3471 ingravescerent,

643 3492 905 3589 primus
940 3492 1079 3569 fuit
1116 3494 1431 3571 medicus
1448 3552 1470 3583 ,
1522 3495 1689 3595 quia
1732 3494 2000 3593 primus
2042 3492 2207 3569 fecit
2238 3493 2750 3575 observationes
2795 3499 2870 3567 et
2919 3492 3146 3592 quivis
3185 3517 3326 3568 non
3367 3489 3693 3567 stultissi-

643 3635 791 3689 mus
856 3612 1099 3689 statim
1166 3613 1496 3715 intelligit
1558 3615 1835 3704 omnia,
1904 3612 2163 3714 quibus
2208 3613 2478 3689 dolores
2539 3619 2998 3712 augerentur,
3063 3612 3347 3701 obesse,
3417 3618 3692 3701 contra,

644 3732 895 3831 quibus
941 3734 1322 3809 lenirentur
1338 3793 1360 3825 ,
1405 3734 1735 3833 prodesse
1779 3758 2005 3835 posse.

722 3854 1117 3953 Postquam
1190 3861 1429 3931 autem
1444 3913 1466 3944 ,
1538 3854 1857 3955 pluribus
1928 3852 2331 3930 hominibus
2405 3852 2479 3929 in
2551 3876 2775 3927 unum
2836 3852 3068 3929 locum
3123 3850 3561 3951 congregatis
3609 3874 3692 3927 ac

641 3976 961 4053 societate
1018 3976 1326 4075 quadam
1380 3974 1799 4065 coniunctis,
1848 3974 1967 4051 alii
2016 3972 2169 4049 aliis
2210 3972 2498 4059 consilia
2538 3972 2702 4048 dare
2755 3985 3132 4071 coeperunt
3175 3970 3252 4047 in
3298 3970 3386 4045 iis
3435 3971 3648 4047 rebus
3665 4027 3688 4062 ,

640 4095 895 4194 quibus
950 4104 1077 4171 aut
1122 4096 1260 4195 ipsi
1302 4096 1779 4173 laboraverant
1818 4102 1945 4171 aut
1988 4092 2161 4169 alios
2205 4092 2600 4169 laborantes
2644 4090 2993 4183 viderant,
3063 4100 3136 4167 et
3181 4092 3466 4167 tandem
3512 4114 3685 4167 non·

640 4216 807 4292 nulli
874 4216 1231 4305 homines,
1302 4215 1565 4315 quibus
1636 4223 1761 4291 aut
1828 4221 2019 4291 aetas
2074 4221 2201 4290 aut
2268 4213 2444 4289 aliae
2491 4234 2604 4289 res
2651 4211 2984 4289 maiorem
3033 4212 3360 4290 scientiae
3405 4236 3683 4313 compa·

638 4336 887 4412 randae
932 4334 1333 4411 obtulerant
1372 4334 1680 4433 copiam,
1732 4358 1807 4409 se
1856 4332 2163 4410 medicos
2200 4332 2509 4469 profiteri
2547 4340 2961 4433 coeperunt,
3013 4340 3168 4411 tum
3207 4334 3455 4423 etiam,
3503 4354 3680 4430 quas

634 4453 761 4553 ipsi
808 4455 1117 4531 fecerant
1156 4454 1713 4545 observationes,
1762 4479 1850 4531 ex
1892 4454 1980 4529 iis
2019 4454 2390 4553 praecipue
2423 4453 2848 4554 experientia
2884 4452 3370 4540 hauriebatur,
3418 4447 3678 4549 quibus

635 4572 785 4649 freti
852 4574 1041 4651 mala
1104 4562 1319 4651 lenire
1378 4574 1778 4653 studebant.
1876 4574 2176 4649 Nullum
2230 4582 2339 4649 est
2363 4572 2692 4673 {dubium
2739 4572 2912 4672 quin
2957 4570 3118 4647 illae
3163 4567 3682 4647 observationes

635 4692 823 4771 initio
864 4694 1311 4794 imperfectae
1353 4693 1643 4785 fuerint,
1692 4695 1787 4771 ob
1796 4719 2122 4794 eamque
2169 4693 2440 4794 ipsam
2441 4716 2722 4771 causam
2777 4690 2952 4767 falsa
2999 4714 3086 4765 ex
3130 4688 3218 4764 iis
3267 4696 3684 4789 argumenta

563 4831 583 4855 ι
636 4835 775 4891 esse
820 4812 1173 4950 conclusa.
1271 4814 1719 4893 Methodus
1696 4840 1851 4917 ipsa
1890 4814 2177 4915 quidem
2227 4813 2412 4891 bona
2444 4819 2592 4889 erat
2630 4810 2820 4887 sed
2796 4834 2874 4887 ιιι
2911 4832 2997 4885 08
3040 4808 3438 5003 8ᾶ111ξξιιι18
3475 4832 3684 4908 saepe
