4730 6049
1859 668 2422 737 ORATIO.
3543 673 3670 742 137

604 884 754 953 vata
822 878 1027 953 dona.
1128 876 1341 956 Quod
1402 899 1627 975 quum
1690 875 1883 967 dicu,
1947 882 2148 977 grata
2191 885 2426 953 mente
2471 834 2748 952 mecum
2797 878 3244 955 recordantur
3291 880 3664 955 Curatores

603 1004 669 1073 et
720 996 1151 1071 Professores
1198 996 1775 1095 spectatissimam
1830 1004 2216 1073 matronam
2232 1056 2251 1087 ‚
2308 997 2671 1073 clarissimi
2722 1020 3296 1074 ononnawounu
3339 999 3623 1075 viduam
3640 1057 3661 1087 ,

599 1117 855 1217 optime
898 1117 1127 1191 mariti
1170 1115 1738 1191 desideratissimi
1777 1116 2151 1193 memoriae
2196 1118 2626 1193 consuluisse
2645 1176 2667 1206 ‚
2728 1116 3090 1193 ditissimis
3133 1143 3220 1193 ex
3263 1118 3486 1216 ipsius
3537 1119 3660 1192 Bi·
3799 1210 3805 1215 Ι

598 1238 939 1314 bliotheca
1018 1236 1221 1311 donis
1285 1236 1553 1312 collatis
1572 1293 1593 1324 ,
1674 1245 1983 1312 nostram
2053 1236 2566 1313 Bibliothecam
2635 1235 2928 1311 ditando
2999 1262 3078 1312 ac
3152 1237 3655 1336 locupletando.

598 1354 1147 1431 Pulcherrimum
1182 1380 1345 1431 sane
1389 1354 1759 1455 singularis
1802 1356 2233 1432 liberalitatis
2272 1356 2670 1455 exemplum
2690 1414 2711 1445 ,
2743 1356 2935 1453 quod
2971 1362 3054 1430 ut
3089 1355 3296 1431 multi
3332 1382 3371 1431 e
3405 1358 3656 1433 nostris

596 1475 989 1575 proceribus
1008 1534 1029 1565 ,
1099 1476 1301 1551 bonis
1356 1476 1604 1549 litteris
1665 1483 1740 1550 et
1790 1477 2061 1551 artibus
2122 1502 2206 1553 ae
2254 1484 2531 1551 nostrae
2574 1475 2994 1551 Academiae
3033 1475 3215 1551 bene
3255 1476 3616 1577 cupientes
3633 1536 3656 1567 ,

604 1595 1021 1671 imitandum
1074 1595 1212 1671 sibi
1257 1603 1654 1694 proponant
1702 1620 1789 1671 ex
1838 1596 2075 1671 animo
2122 1605 2470 1696 optamus·

690 1832 809 1906 Ad
856 1833 1361 1930 perorationem
1411 1836 1727 1932 perveni,
1796 1836 1998 1910 cuius
2046 1831 2623 1911 iucundissimam
2665 1833 3030 1910 materiem
3075 1857 3198 1909 vos
3242 1833 3414 1909 mihi
3456 1860 3654 1934 prae-

596 1952 845 2027 buistis
862 2010 883 2041 ,
949 1954 1251 2028 Iuvenes
1320 1953 1717 2029 lectissimi!
1788 1956 1911 2056 qui
1968 1956 2043 2031 in
2109 1956 2239 2031 hac
2292 1953 2674 2030 Academia
2713 1954 2967 2028 studiis
3011 1978 3292 2054 operam
3346 1956 3612 2030 navatis
3631 2014 3652 2045 ,

596 2096 771 2171 quos
846 2078 930 2147 ut
1004 2073 1442 2171 alloquamur
1508 2073 1809 2149 solennis
1874 2075 2045 2150 haec
2110 2075 2278 2150 hora
2339 2074 2613 2173 flagitat
2632 2131 2652 2161 ,
2721 2098 2898 2173 quos
2963 2074 3184 2149 amice
3247 2073 3658 2173 compellare

593 2192 866 2267 animus
924 2191 1147 2267 iubet.
1262 2193 1683 2267 Academiae
1740 2194 1909 2268 satis
1970 2194 2219 2268 laetam
2280 2219 2361 2268 ac
2410 2217 2812 2294 prosperam
2865 2192 3332 2268 conditionem
3383 2194 3654 2295 praedi-

590 2336 789 2400 cans,
841 2310 1185 2411 imprimis
1231 2336 1349 2385 vos
1396 2312 1693 2411 cogitavi
1712 2346 1731 2401 ;
1800 2312 2033 2386 minus
2084 2311 2174 2387 ad
2216 2312 2475 2386 civium
2523 2311 3102 2389 Academicorum
3151 2312 3610 2412 frequentiam
3636 2373 3656 2404 ,

588 2432 747 2507 licet
815 2439 888 2506 et
964 2430 1145 2507 hanc
1212 2431 1403 2506 haud
1463 2432 1658 2530 parvi
1726 2432 2087 2521 duxerim,
2160 2456 2375 2531 quam
2441 2432 2535 2506 ad
2592 2438 2815 2507 vestra
2865 2433 3137 2521 studia,
3200 2433 3656 2523 industriam,

588 2552 1094 2627 humanitatem
1122 2610 1143 2640 ,
1213 2551 1425 2627 vitam
1482 2576 1561 2625 ac
1610 2575 1835 2625 mores
1880 2552 2270 2625 attendens,
2376 2551 2723 2629 Quamvis
2763 2552 3086 2649 aequales
3135 2552 3418 2642 laudes,
3469 2553 3660 2652 quod

589 2671 725 2772 ipsi
778 2670 965 2745 ultro
1012 2669 1405 2745 fatebimini
1448 2712 1547 2725 —-
1598 2670 1788 2745 haud
1834 2670 2150 2745 omnium
2202 2670 2588 2743 industriae
2637 2662 2751 2742 ve‘l
2797 2670 3108 2743 moribus
3160 2670 3300 2745 sint
3350 2671 3658 2747 tribuen-

590 2790 757 2879 dae;
806 2789 925 2865 hic
972 2796 1209 2867 tamen
1256 2814 1489 2864 coram
1536 2789 1667 2864 hoc
1708 2789 2271 2889 frequentissimo
2324 2788 2668 2863 auditorio
2707 2788 2940 2888 palam
2977 2787 3210 2888 eloqui
3247 2790 3442 2866 iuvat
3463 2848 3483 2877 ,
3545 2816 3661 2867 me

586 2909 959 2985 Rectorem
996 2933 1281 3008 prorsus
1324 2909 1501 2985 nihil
1540 2908 1913 2984 offendisse
1933 2968 1953 2997 ‚
2010 2909 2200 3008 quod
2242 2908 2355 2984 hic
2400 2908 2678 3007 publice
2713 2906 3322 3007 reprehenderem!
3428 2908 3624 2987 Quid
3641 2968 3660 2999 ‚

592 3031 779 3130 quod
830 3029 1009 3106 nihil
1057 3031 1269 3110 etiam
1312 3054 1427 3105 me
1475 3029 1549 3106 in
1598 3038 1833 3104 mente
1879 3031 2133 3105 habere
2179 3030 2546 3131 profitear,
2598 3028 2787 3127 quod
2847 3035 2966 3122 (ne
3012 3028 3209 3104 vobis
3261 3053 3542 3105 severus
3583 3055 3665 3105 ac

590 3173 905 3225 morosus
971 3173 1215 3224 censor
1290 3149 1554 3242 videar)
1638 3149 1751 3224 hic
1823 3150 2061 3249 potius
2140 3149 2573 3224 reticendum
2647 3149 3062 3248 silentioque
3131 3151 3666 3250 opprimendum

590 3293 740 3344 ωδε
798 3269 1147 3346 duxerim.
1249 3270 1643 3344 Audivistis
1695 3295 1811 3346 me
1837 3329 1858 3360 ,
1910 3271 2089 3346 laeto
2132 3276 2204 3346 et
2246 3277 2444 3369 grato
2489 3294 2654 3369 erga
2696 3270 2928 3344 Deum
2981 3269 3214 3344 animo
3232 3328 3253 3359 ,
3303 3270 3670 3369 magistra·

588 3395 739 3464 tum
802 3389 1185 3464 successori
1240 3388 1523 3463 iamiam
1570 3389 2013 3465 traditurum.
2116 3391 2357 3488 Atque
2405 3390 2535 3464 hoc
2577 3389 2958 3464 enuncians
3005 3389 3262 3464 iterum
3317 3413 3436 3464 vos
3479 3391 3666 3488 cogi-

586 3510 764 3597 tavi,
832 3509 1139 3584 Iuvenes
1202 3509 1732 3584 humanissimi!
1806 3509 1931 3609 qui
1998 3509 2173 3583 mihi
2237 3533 2498 3582 munus
2545 3508 2722 3582 illud
2741 3567 2764 3597 ,
2826 3508 3016 3606 quod
3071 3503 3402 3606 tanquam
3460 3532 3668 3606 grave

586 3651 767 3704 onus
838 3629 915 3703 in
976 3653 1167 3704 meos
1230 3628 1557 3702 humeros
1619 3652 2054 3728 susceperam
2078 3685 2099 3716 ,
2150 3635 2299 3702 tam
2346 3628 2494 3702 leve
2537 3635 2610 3701 et
2653 3626 3045 3703 iucundum
3091 3627 3492 3701 reddidistis
3513 3685 3532 3716 ,
3585 3634 3668 3700 ut

586 3773 779 3824 nunc
828 3749 1105 3824 nullum
1145 3773 1433 3850 prorsus
1478 3773 1657 3823 onus
1703 3747 2010 3822 humeris
2051 3754 2361 3846 gestasse
2400 3744 2573 3818 mihi
2614 3745 2882 3834 videar,
2927 3769 3006 3820 ac
3039 3766 3448 3844 persuasum
3492 3743 3669 3818 mihi

589 3866 890 3944 habeam
940 3869 1214 3945 nullum
1242 3927 1263 3958 ,
1313 3845 1440 3968 per
1485 3877 1714 3943 totum
1760 3869 1946 3942 hunc
1982 3889 2291 3954 annum,
2334 3864 2640 3940 adfuisse
2673 3865 3095 3964 periculum,
3137 3889 3224 3938 ne
3251 3888 3362 3938 res
3391 3873 3669 3940 nostrae

586 3988 1053 4064 Academicae
1114 3988 1515 4064 detrimenti
1578 3989 1751 4087 quid
1816 3995 2177 4088 caperent,
2246 3984 2521 4060 etiamsi
2587 3984 2821 4060 nullus
2892 4009 3131 4060 earum
3194 3983 3666 4083 gubernaculo

586 4106 1009 4206 praefuisset
1045 4109 1303 4184 Rector
1340 4110 1786 4208 Magnificus.
1834 4153 1939 4168 —
1980 4107 2066 4181 Id
2113 4112 2348 4182 autern
2371 4162 2392 4193 ,
2432 4129 2654 4204 aeque
2691 4129 2770 4179 ac
2809 4105 2951 4180 mei
2995 4105 3385 4180 decessores
3405 4161 3426 4192 ,
3467 4103 3667 4177 vehe-

588 4235 865 4302 menter
934 4227 1255 4303 dolebam
1316 4253 1433 4304 vos
1455 4286 1474 4316 ,
1524 4226 1738 4304 veluti
1784 4228 1856 4302 in
1904 4229 2045 4302 duo
2092 4224 2376 4323 agmina
2421 4224 2767 4322 digressos
2792 4282 2813 4312 ‚
2881 4224 3194 4299 nondum
3245 4223 3454 4297 unius
3501 4245 3662 4298 eon-

588 4347 790 4422 sortii
838 4347 1113 4421 vinculo
1164 4371 1317 4421 esse
1370 4347 1794 4424 coniunctos.
1893 4347 2211 4422 Novistis
2264 4369 2380 4420 me
2441 4344 2516 4418 in
2569 4343 2765 4430 votis,
2797 4368 2876 4418 ac
2922 4343 3244 4442 precibus
3295 4340 3620 4414 habuisse
3638 4398 3661 4429 ,

588 4493 769 4568 quas
834 4468 1052 4542 etiam
1103 4466 1458 4542 vobiscum
1508 4467 2045 4556 communicavi,
2116 4474 2197 4540 ut
2246 4464 2361 4540 hic
2410 4487 2636 4539 annus
2688 4463 2789 4537 illi
2841 4461 3133 4537 divortio
3179 4462 3389 4534 finem
3439 4459 3658 4556 impo-

586 4595 825 4676 neret,
877 4596 949 4662 et
995 4587 1273 4664 dulcem
1323 4588 1600 4687 (quidni
1645 4588 1862 4663 fatear
1874 4589 1937 4680 P)
1987 4587 2127 4663 iam
2172 4610 2368 4687 spem
2417 4583 2650 4659 animo
2692 4606 3136 4681 conceperam
3178 4579 3323 4653 fore
3366 4585 3479 4667 ut,
3532 4578 3663 4654 hoc

584 4707 742 4808 ipso
806 4707 989 4782 festo
1045 4733 1126 4783 ac
1190 4709 1369 4783 laeto
1434 4707 1547 4784 die
1566 4767 1587 4798 ,
1657 4721 1920 4783 veteres
1962 4707 2139 4782 ‚illae
2195 4706 2384 4780 rixae
2429 4701 2643 4777 veluti
2690 4701 2904 4776 humo
2945 4699 3416 4799 sepelirentur.
3518 4698 3662 4772 Sed

588 4826 751 4904 licet
818 4826 999 4902 mihi
1057 4827 1338 4902 Rectori
1395 4835 1540 4904 tam
1602 4827 1787 4903 felici
1852 4850 2003 4902 esse
2064 4849 2203 4900 non
2240 4817 2621 4920 ‘contigerit
2637 4877 2657 4909 ‚
2729 4827 2812 4894 ut
2854 4818 3060 4894 hodie
3103 4818 3244 4894 iam
3273 4817 3492 5012 8vobis
3535 4841 3660 4892 no·
3747 4825 3755 4830 ’

3226 4940 3264 5011 l
