4730 6049
1120 640 1251 709 176
2311 642 2368 709 1.
2438 642 2488 709 1.
2560 640 2984 708 DOEDES

1116 850 1389 926 criticos
1445 849 1600 924 illos
1668 853 1939 947 oportet
2000 870 2243 922 omnes
2261 904 2285 938 ,
2334 848 2461 947 qui
2509 848 2678 923 satis
2723 856 2982 925 temere
3035 848 3242 925 hodie
3295 872 3552 949 negare
3601 848 3861 925 audent
3881 908 3900 938 ,
3950 872 4150 927 msun

1064 1058 1067 1063 ¹
1118 997 1159 1045 e
1226 969 1543 1053 mortuis,
1583 968 1657 1040 in
1718 966 1931 1041 vitam
1994 967 2279 1044 rediisse
2338 976 2553 1067 atque
2617 967 2980 1068 discipulis
3045 993 3200 1044 vere
3249 994 3324 1044 se
3377 969 3938 1069 conspiciendum
3977 996 4150 1070 prae-

1117 1091 1373 1167 buisse.
1474 1088 1839 1189 Explicent
1890 1088 2101 1163 hocce
2150 1093 2679 1184 φαινόμενον,
2729 1090 3171 1190 caeteroquin
3220 1090 3386 1164 satis
3429 1088 3606 1163 bene
3655 1086 4151 1189 explicandum,

1116 1210 1507 1311 apostolum
1582 1230 1883 1283 numm
1904 1265 1925 1296 ,
1991 1208 2522 1285 Pharisaeorum
2575 1220 2781 1284 antea
2825 1210 3287 1309 discipulum,
3356 1208 3907 1284 Christianorum
3945 1233 4153 1308 perse-

1113 1340 1419 1408 cutorem
1444 1388 1463 1418 ,
1528 1328 1818 1429 posthac
1876 1333 2284 1425 (quamnam
2341 1328 2434 1404 ob
2485 1353 2765 1405 causam
2789 1330 2853 1421 P)
2908 1352 3074 1405 nisu
3123 1328 3311 1403 cruci
3355 1330 3604 1403 suffixo
3659 1339 3889 1405 totum
3935 1354 4003 1403 se
4053 1354 4154 1404 vo·

1116 1461 1390 1527 ventem
1412 1509 1433 1539 ,
1484 1450 1637 1524 eius
1677 1448 2142 1547 Euangelium
2194 1450 2708 1549 praedicantem
2728 1507 2749 1538 ,
2801 1449 3128 1526 ecclesiae
3175 1449 3612 1525 Christianae
3655 1450 4155 1524 inservientem!

1110 1572 1480 1672 Explicent
1556 1576 2045 1664 φαινόμενον
2092 1570 2269 1643 illud
2318 1569 2726 1645 admirabile
2747 1627 2768 1658 ,
2833 1568 3318 1667 inexplicabile
3337 1628 3358 1658 ,
3419 1570 3800 1645 Ecclesiam
3847 1568 4155 1644 Christia-

1106 1719 1275 1771 nam
1294 1751 1313 1781 ,
1376 1691 1559 1764 inter
1606 1690 1905 1764 Iudaeos
1950 1698 2022 1763 et
2070 1690 2370 1764 Graecos
2420 1700 2492 1764 et
2537 1690 2894 1765 Romanos
2939 1688 3208 1764 radices
3262 1698 3625 1789 agentem3
3695 1689 4158 1788 inexplicabile

1109 1814 1405 1900 scilicet,
1482 1810 1543 1884 si
1612 1832 1791 1907 quae
1862 1808 1953 1883 de
2031 1832 2197 1883 nisu
2286 1810 2576 1885 tradunt
2640 1808 3132 1909 Euangelistae
3152 1867 3173 1897 ,
3241 1808 3328 1885 de
3387 1812 3538 1885 eius
3595 1811 3760 1886 fatis
3843 1810 4157 1908 factisque

1107 1933 1455 2020 mirificis,
1521 1930 1608 2006 de
1656 1929 1807 2003 eius
1853 1928 2087 2003 reditu
2136 1929 2211 2002 in
2260 1929 2468 2004 vitam
2491 1988 2512 2019 ‚
2575 1928 2834 2003 fabulis
2890 1928 3032 2002 sint
3077 1930 3600 2007 annumeranda
3654 1933 3742 2023 ¹).
3847 1931 3990 2009 Qui
4043 1930 4157 2005 mi·

1104 2053 1339 2128 racula
1400 2048 1723 2125 reiiciunt
1742 2107 1763 2137 ‚
1832 2072 1920 2122 ne
1989 2049 2060 2123 in
2114 2073 2356 2123 eorum
2406 2050 2634 2123 locum
2691 2050 3084 2148 aenigmata
3127 2048 3598 2125 substituant!
3673 2051 3822 2129 Qui
3875 2050 4158 2125 obscuri·

1104 2183 1284 2249 tates
1348 2179 1585 2246 creant
1645 2168 2159 2267 aenigmatibus
2218 2168 2401 2258 suis,
2468 2170 2692 2267 lucem
2749 2170 3015 2269 petenti
3075 2168 3366 2245 afferant
3419 2174 3512 2264 ²).
3611 2172 3896 2272 Negata
3943 2172 4156 2245 Euan·

1186 2462 1238 2543 ¹)
1306 2489 1335 2517 n
1354 2464 1459 2523 Cet
1508 2461 1705 2522 edifica
1746 2456 2043 2537 grandiose
2084 2460 2159 2522 du
2202 2462 2634 2523 christianismo
2675 2484 2709 2523 a
2749 2482 2888 2543 pour
2927 2462 3061 2522 base
3103 2481 3212 2521 une
3250 2458 3454 2521 double
3493 2459 3888 2541 superstition,
3931 2461 4059 2522 celle
4097 2458 4163 2521 du

1101 2566 1308 2628 Maitre
1362 2572 1420 2626 et
1474 2566 1637 2626 celles
1695 2563 1791 2625 des
1854 2564 2129 2644 disciples.
2214 2565 2343 2626 Une
2399 2562 2567 2643 fabia}
2600 2564 2757 2642 juive
2797 2566 3033 2645 quelque
3075 2583 3182 2645 peu
3225 2562 3560 2645 developpee
3577 2608 3592 2636 ‚
3635 2562 3784 2624 voila
3823 2564 3882 2623 le
3920 2564 4069 2645 point
4102 2562 4165 2624 de

1096 2672 1293 2753 depart
1346 2670 1516 2731 d’une
1570 2668 1883 2730 revolution
1939 2669 2211 2729 immense
2268 2668 2364 2748 qui
2419 2672 2536 2728 met
2589 2670 2668 2727 fin
2721 2667 2760 2728 a
2815 2686 2890 2727 un
2945 2666 3150 2728 monde
3203 2672 3262 2726 et
3313 2666 3582 2743 inaugure
3622 2686 3730 2727 une
3771 2664 3870 2728 ere
3911 2666 4163 2727 nouvelle.

1090 2775 1131 2835 J
1130 2774 1303 2837 amais
1357 2792 1429 2838 κ.
1471 2774 1701 2835 Pficautr
1754 2792 1827 2835 ne
1878 2769 2127 2835 donner-a
2178 2790 2291 2831 une
2340 2770 2675 2852 explication
2715 2769 3084 2834 satisfaisante
3125 2768 3196 2830 de
3235 2774 3380 2831 cette
3421 2768 3734 2831 revolution
3773 2788 3912 2831 sans
3953 2770 4162 2851 pareille

1096 2878 1234 2939 dans
1282 2877 1558 2940 l’histoire
1598 2875 1889 2952 religieuse
1929 2874 2000 2935 de
2041 2873 2378 2935 l’humanit6
2393 2898 2412 2953 3
2465 2874 2668 2953 jamais
2705 2874 2746 2933 il
2789 2894 2862 2934 ne
2903 2875 3028 2935 iera
3069 2871 3432 2953 comprendre
3471 2893 3580 2952 que
3619 2872 3715 2933 des
3757 2872 3915 2935 effets
3953 2873 4002 2933 si
4039 2891 4167 2933 mer-

1096 2981 1333 3044 veilleux
1372 2968 1589 3042 soi-tent
1630 2978 1798 3040 d’une
1840 2997 2002 3040 cause
2043 2978 2096 3038 si
2134 2977 2439 3058 mesquine.
2523 2981 2640 3039 Son
2683 2977 2906 3052 Christ,
2957 2978 3053 3058 qui
3095 2977 3232 3039 n’en
3276 2982 3361 3040 est
3399 2996 3498 3059 pas
3537 2996 3642 3050 un,
3686 2978 3784 3060 qui
3823 2978 3973 3040 n’est
4007 2976 4168 3058 qu’un

1100 3085 1357 3146 Galileen
1411 3081 1525 3144 tres
1584 3080 1869 3158 distingue
1927 3114 2010 3126 —
2052 3112 2133 3126 -—
2188 3081 2403 3142 n'avait
2459 3083 2521 3142 ni
2569 3080 2809 3142 saintete
2847 3081 3116 3160 pai-faite,
3173 3079 3234 3140 ni
3273 3081 3512 3142 autorit6
3549 3081 3923 3164 particuliere.
3999 3082 4054 3140 Π
4090 3084 4168 3142 est

1096 3192 1249 3247 mort
1302 3206 1521 3247 comme
1574 3185 1696 3246 I’un
1750 3185 1821 3244 de
1876 3204 2047 3259 nous,
2100 3183 2330 3244 laissant
2385 3187 2690 3246 seulement
2747 3205 2856 3245 une
2911 3183 3184 3245 memoire
3240 3185 3362 3264 plus
3421 3204 3588 3266 pure,
3638 3191 3695 3246 et
3746 3183 4102 3266 pourtant'il
4136 3203 4168 3244 a

1096 3289 1269 3351 fonde
1321 3270 1558 3366 I'Iffiglise
1611 3293 1668 3349 et
1722 3287 1819 3348 des
1879 3286 2109 3349 milliers
2150 3287 2463 3348 d’hommes
2504 3286 2866 3366 s’imaginent
2907 3288 3059 3348 v'ivre
3100 3286 3170 3348 de
3214 3307 3276 3347 sa
3319 3287 3438 3347 vie!
3505 3287 3637 3347 Une
3679 3287 3906 3368 pareille
3947 3285 4167 3369 explica·

1095 3392 1217 3454 tion
1258 3397 1343 3453 est
1380 3411 1491 3452 une
1532 3390 1773 3451 derision
1788 3435 1805 3464 ‚
1849 3397 1906 3451 et
1946 3391 1987 3450 il
2026 3397 2111 3452 est
2151 3391 2423 3468 sing-ulier
2461 3390 2663 3472 qu’elle
2703 3391 2950 3472 paraisse
2991 3390 3160 3452 claire
3199 3396 3257 3450 et
3295 3389 3521 3470 legique
3559 3389 3598 3450 ὲ
3632 3388 3729 3449 des
3765 3391 3966 3472 esprits
3995 3407 4166 3470 super-

1096 3496 1195 3556 bes
1241 3496 1368 3575 qui,
1422 3515 1493 3554 au
1548 3513 1683 3553 nom
1722 3493 1797 3553 du
1840 3491 2247 3555 dix-neuvieme
2292 3493 2490 3568 siecle,
2533 3499 2856 3576 repoussent
2889 3497 2946 3555 la
2987 3495 3123 3556 folia
3163 3493 3234 3554 de
3279 3495 3335 3554 la
3375 3495 3546 3554 croix.
3627 3494 3788 3555 Folia
3827 3514 3974 3576 pour
4009 3491 4164 3564 folio,

1090 3598 1287 3676 j'aime
1326 3597 1514 3658 mieux
1557 3595 1903 3672 l'ancienn03
1951 3597 2055 3655 elle
2096 3601 2181 3657 est
2216 3599 2343 3677 plus
2385 3597 2802 3658 raisonnable.”
2863 3597 3010 3659 Ven.
3051 3613 3133 3657 mr
3175 3598 3538 3670 mussans&
3577 3596 3716 3657 ibid.
3755 3617 3813 3678 p.
3855 3603 4000 3670 266,
4039 3596 4166 3658 26⁷.

1178 3700 1232 3779 ²)
1292 3701 1438 3760 Ven.
1492 3713 1790 3760 aermon
1846 3713 2037 3769 nano,
2080 3700 2141 3760 in
2180 3719 2376 3780 opere:
2425 3699 2541 3760 Eia
2585 3702 2746 3778 Gany
2783 3703 2959 3761 durch
2993 3700 3085 3762 die
3123 3702 3446 3763 christliche
3496 3703 3659 3762 Weu.
3706 3702 3892 3762 1859.
3935 3723 3991 3782 p.
4039 3697 4168 3760 201.

1102 3823 1131 3858 η
1152 3802 1261 3862 Die
1317 3803 1569 3878 Heilung
1618 3800 1717 3861 der
1769 3800 2042 3873 Blinden‚
2101 3800 2193 3862 die
2255 3803 2633 3880 Aufrichtnng
2684 3803 2784 3864 der
2819 3803 3104 3876 Lahmen‚
3161 3804 3256 3866 die
3295 3803 3740 3882 Auierweckung
3777 3803 3886 3865 der
3923 3802 4166 3874 Todten,

1099 3905 1193 3965 die
1241 3904 1623 3981 Austreibung
1677 3904 1776 3964 der
1828 3904 2122 3993 Damonen
2178 3935 2261 3948 -
2318 3903 2450 3964 sind
2505 3903 2606 3964 das
2663 3903 2822 3964 nicht
2870 3905 3250 3966 fortwiihrend
3301 3905 3555 3966 Wunder
3591 3906 3690 3966 des
3731 3905 4168 3983 Evangeliums?

1099 4009 1216 4068 Das
1273 4009 1739 4083 Bergeversetzen
1792 4007 1967 4068 durch
2021 4007 2133 4068 :den
2190 4007 2444 4068 Glauben
2463 4051 2478 4081 ,
2537 4007 2637 4069 das
2677 4007 3082 4068 Ueberwinden
3125 4027 3236 4068 von
3273 4007 3396 4068 zeit
3435 4008 3547 4069 und
3589 4009 3803 4080 Reum,
3861 3997 3964 4068 das
4003 4007 4165 4066 Wan-

1103 4109 1234 4172 deln
1288 4113 1389 4171 auf
1436 4110 1563 4172 dem
1622 4109 1841 4183 Meet-e,
1899 4110 1999 4171 das
2050 4110 2282 4171 Wirken
2332 4111 2415 4170 im
2469 4111 2568 4172 Nu
2620 4112 2681 4170 in
2729 4111 2820 4170 die
2860 4111 3099 4172 weiteste
3139 4111 3322 4172 Ferne
3356 4145 3438 4158 —
3479 4111 3556 4172 ist
3593 4111 3693 4172 das
3730 4109 3894 4172 nicht
3933 4109 4166 4170 seitdem

1102 4215 1355 4274 wirklich
1412 4214 1543 4274 dem
1590 4214 2045 4274 Menschensohn
2096 4216 2378 4291 gelungen
2397 4260 2412 4288 ,
2455 4214 2556 4275 der
2595 4215 2712 4274 sich
2753 4233 2824 4274 an
2860 4214 2988 4275 dem
3031 4215 3192 4276 Geist
3237 4241 3267 4269 e
3282 4217 3442 4294 jenes
3483 4213 4012 4276 Menschensohns”
4051 4215 4166 4274 ent·

1102 4317 1311 4378 ziindet
1350 4318 1463 4377 und
1499 4322 1664 4376 unter
1702 4315 1910 4377 seinem
1952 4317 2169 4378 Kreuze
2209 4315 2327 4377 sich
2369 4318 2430 4377 in
2471 4318 2593 4380 sich
2633 4317 2806 4378 selbst
2846 4321 3174 4396 gesammelt
3211 4319 3392 4381 hatw’

1185 4421 1333 4480 Ven.
1386 4439 1441 4480 c.
1482 4435 1713 4480 zosium
1754 4437 1915 4480 nostr
1958 4421 1998 4480 l.
2036 4423 2076 4480 l.
2119 4440 2174 4500 p.
2218 4426 2368 4480 694:
2453 4421 2590 4482 'De
2631 4413 2890 4500 erraring
2930 4416 3098 4496 leert',
3139 4422 3238 4483 dat
3275 4422 3348 4484 de
3389 4426 3565 4492 meast
3603 4417 4169 4483 stoibehearschende

1104 4543 1375 4606 personen
1430 4543 1503 4603 op
1557 4521 1692 4583 deze
1745 4523 1941 4583 wereld
1996 4523 2115 4584 niet
2166 4523 2279 4601 zijn
2334 4522 2405 4584 de
2461 4523 2776 4586 chr-istenen
2815 4527 3093 4604 qualitate
3128 4547 3239 4604 qua
3253 4571 3268 4597 ,
3311 4545 3468 4587 maar
3505 4544 3644 4586 onze
3683 4543 3824 4602 weg·
3865 4543 3942 4585 en
3983 4529 4167 4584 water-

1102 4625 1543 4703 bouwkundigen
1560 4669 1577 4697 ‚
1620 4627 1690 4704 aij
1728 4625 1819 4686 die
1849 4628 2071 4688 tunnels
2109 4645 2317 4703 graven
2356 4625 2498 4687 door
2537 4629 2636 4688 het
2676 4630 2803 4689 hart
2841 4649 2948 4690 van
2991 4631 3172 4710 Alpen
3208 4649 3278 4690 en
3315 4630 3630 4709 Apenijnen
3649 4674 3665 4702 ,
3707 4625 4170 4705 telegmflmbols

1104 4748 1348 4810 spannen
1382 4729 1639 4790 tusschen
1674 4731 1899 4812 Europa
1928 4727 2009 4790 en'
2035 4725 2304 4790 Afmerika
2318 4773 2334 4803 ,
2373 4733 2908 4812 spoorwegbrnggen
2947 4750 3160 4813 wer-pen
3179 4751 3318 4793 over
3331 4737 3636 4794 aeestraten
3659 4749 3732 4793 en
3751 4725 4162 4792 watervallcn.’'

1180 4833 1272 4891 Ita
1312 4831 1459 4911 quod
1500 4833 1686 4894 lumen
1728 4836 1868 4894 alter
1907 4826 2226 4896 accendisse
2262 4831 2480 4897 videtur
2509 4834 2768 4915 protinus
2805 4837 2946 4898 alter
2983 4835 3320 4914 exstinguit!
3351 4919 3356 4924 ι
