4730 6049
1722 591 2384 672 ·”·oRA‘r1o.
2552 550 2560 556 ’
3551 585 3634 674 ‘ii

562 833 815 910 nopere
858 834 977 886 me
1021 831 1431 886 runnoms
1480 817 1557 884 et
1608 811 1787 886 ratio
1832 819 1901 886 et
1948 812 2323 886 auctoritas
2375 813 2656 886 movet”
2711 812 2812 886 ita
2851 819 3088 887 noster
3147 843 3186 884 ιι
3205 837 3347 890 non
3401 823 3638 890 tamen

564 955 609 1008 a
657 953 929 1006 snavlo
968 929 1319 1006 dissentio
1342 987 1367 1018 ,
1432 953 1578 1004 non
1642 930 1865 1004 videri
1931 955 2357 1030 quemquam
2428 931 2686 1006 dixisse
2733 931 2935 1006 cuius
2987 955 3127 1006 non
3181 959 3310 1008 suo
3357 935 3640 1010 nomine

566 1072 738 1126 usus
786 1047 916 1122 sit:
966 1072 1135 1124 nam
1180 1051 1312 1124 etei
1338 1051 1545 1146 prior
1590 1057 1801 1149 atque
1820 1052 2174 1148 potentior
2214 1057 2356 1138 est,
2399 1075 2600 1150 qnam
2643 1078 2774 1128 vooe
2809 1078 2994 1128 mens
3030 1055 3352 1143 dientes,
3400 1061 3638 1130 tamen
3701 1091 3706 1094 ·

564 1193 767 1244 nemo
832 1168 986 1244 sine
1040 1193 1205 1244 voce
1266 1168 1525 1244 dixisse
1590 1168 2070 1244 existimatur:
2138 1169 2277 1248 nisi
2326 1169 2502 1244 forte
2547 1177 2620 1243 et
2667 1195 2788 1246 eos
2809 1229 2828 1261 ,
2879 1172 3004 1271 qui
3052 1172 3243 1272 loqui
3282 1197 3421 1249 non
3477 1199 3637 1274 Ροε-

496 1369 507 1382 ,
568 1296 764 1376 sunt,
812 1295 1071 1363 conatu
1120 1288 1275 1388 ipso
1322 1295 1395 1363 et
1436 1311 1605 1364 sono
1648 1289 1955 1387 quodam
1997 1290 2145 1366 καὶ
2178 1299 2267 1386 τῇ
2316 1288 2690 1391 α’νάρθρῳ
2727 1303 2946 1389 φωνῇ
2986 1291 3035 1369 i.
3087 1317 3146 1367 e.
3191 1295 3638 1368 inarticulata

565 1433 754 1496 voce,
802 1405 1033 1482 dicere
1078 1407 1641 1484 existimamus.”
2467 1481 2478 1496 ,

665 1527 775 1602 En
793 1584 818 1615 ‚
874 1527 1079 1602 AA.1
1146 1527 1371 1626 ipsius
1432 1550 1641 1602 carisi
1711 1527 2060 1628 praecepti
2121 1528 2233 1602 sui
2296 1528 2680 1626 explicatio.
2781 1519 3016 1604 Verba
3079 1553 3220 1606 non
3283 1531 3636 1608 sufficiunt

570 1646 657 1722 ad
718 1647 1277 1748 cognoscendam
1352 1649 1775 1722 voluntatem
1846 1647 2249 1736 scribentis;
2320 1671 2520 1721 mens
2589 1647 2776 1747 prior
2839 1657 3050 1747 atque
3111 1651 3458 1750 potentior
3531 1659 3638 1727 est

568 1790 773 1865 quam
842 1767 1053 1841 verba
1070 1801 1091 1855 ;
1172 1791 1263 1842 ne
1335 1768 1563 1843 verbis
1628 1775 1865 1844 tamen
1927 1765 2335 1842 huiusmodi
2404 1765 2822 1842 obtrudatur
2891 1769 3210 1846 voluntas
3267 1795 3446 1869 quae
3499 1771 3636 1846 illis

568 1885 859 1985 exprimi
902 1886 1097 1962 haud
1148 1886 1407 1985 potuit.

661 2005 925 2080 Eodem
978 2029 1189 2079 sensu
1238 2009 1314 2078 in
1374 2031 1455 2080 re
1508 2007 1722 2082 dubia
1740 2064 1759 2096 ‚
1810 2007 1857 2082 i.
1906 2031 1967 2081 e.
1992 2066 2013 2096 ,
2064 2007 2127 2081 si
2178 2006 2265 2081 de
2316 2014 2552 2081 mente
2606 2030 2746 2081 non
2793 2016 3064 2083 constat
3111 2017 3184 2083 et
3230 2007 3436 2083 verba
3481 2033 3636 2082 sen-

570 2149 717 2200 sum
790 2125 959 2200 satis
1020 2125 1392 2200 definitum
1456 2126 1829 2224 praebent,
1900 2127 2124 2202 verbis
2196 2126 2408 2201 edicti
2477 2126 2730 2201 servire
2795 2127 2995 2203 docet
3059 2151 3442 2204 numanus.
3544 2129 3640 2202 Et
3747 2201 3754 2208 .

572 2245 847 2344 quando
902 2269 1251 2321 romanus
1303 2245 1599 2322 affirmat
1660 2271 1855 2322 nnon
1906 2247 2227 2320 omnium
2284 2271 2464 2345 quae
2519 2271 2562 2320 a
2613 2247 2990 2322 maioribus
3035 2249 3412 2323 constituta
3461 2247 3639 2336 sint,

566 2365 861 2442 rationes
902 2365 1103 2440 reddi
1150 2391 1355 2464 posse
1382 2367 1453 2455 ‚⁹⁹
1501 2365 1798 2463 ideoque
1838 2387 2202 2440 Nunnius
2250 2365 2552 2440 rationes
2601 2391 2842 2440 eorum
2891 2391 3069 2464 quae
3117 2368 3640 2443 constituuntur

574 2484 829 2584 inquiri
866 2509 1005 2561 non
1046 2495 1377 2585 oportere.
1408 2492 1643 2560 monet
1661 2543 1682 2573 ,
1728 2484 2169 2560 vehementer
2204 2493 2438 2560 tamen
2483 2493 2662 2560 erret
2692 2487 2850 2584 qui,
2887 2511 2970 2560 ex
3001 2486 3272 2562 illorum
3305 2488 3636 2562 ICtorum

574 2605 949 2692 sententia,
1020 2629 1063 2678 a
1124 2604 1413 2689 rationis
1482 2604 1929 2704 inquisitione
1986 2630 2269 2703 prorsus
2334 2604 2830 2680 abstinendum
2885 2631 3038 2680 esse
3084 2615 3386 2696 statuat,
3438 2609 3642 2706 quasi

574 2749 723 2800 vero
783 2733 1095 2803 mentem
1155 2725 1443 2825 quidem
1502 2725 1677 2824 legis
1728 2727 2155 2823 sequendam
2205 2749 2357 2800 esse
2407 2724 2699 2812 vellent,
2751 2724 2902 2798 eius
2950 2734 3184 2800 tamen
3230 2727 3638 2826 exploratio-

572 2868 729 2926 nem
794 2845 1148 2944 praeclaro
1208 2844 1465 2920 auxilio
1527 2844 1902 2920 destituere
1951 2844 2028 2920 in
2090 2845 2323 2919 animo
2385 2844 2742 2920 haberent.
2847 2846 2990 2920 Hoc
3037 2853 3313 2920 tantum
3360 2871 3636 2946 praeca-

573 2987 721 3044 vere
778 2963 1070 3041 student
1137 2963 1527 3065 perieulum
1548 3023 1568 3055 ‚
1636 2989 1726 3041 ne
1786 2989 1875 3040 ex
1932 2968 2215 3041 incertis
2280 2966 2520 3067 legum
2583 2963 2968 3041 rationibus
3027 2990 3229 3041 mens
3285 2967 3635 3067 fingatur,

575 3108 743 3183 quae
764 3142 785 3173 ‚
869 3092 1233 3184 tamquam
1317 3086 1749 3159 voluntatem
1824 3085 1975 3161 eius
2048 3086 2442 3175 contineat,
2511 3085 2652 3184 legi
2699 3082 3154 3161 obtrudatur.
3251 3088 3640 3187 nAlioquin

576 3203 797 3281 enim''
852 3204 953 3279 ita
1001 3212 1305 3303 pergunt
1366 3234 1404 3277 a
1430 3199 1655 3281 multa
1700 3228 1787 3279 ex
1834 3205 1943 3280 his
1992 3231 2169 3305 quae
2221 3214 2412 3281 certa
2471 3213 2636 3280 sunt
2685 3205 3255 3281 subvertuntur.''
3357 3207 3434 3282 Si
3480 3233 3640 3283 vero

576 3332 747 3401 certa
784 3348 929 3409 non
982 3332 1185 3413 sunt,
1250 3348 1337 3399 ex
1385 3324 1652 3399 ratione
1702 3325 1877 3424 legis
1921 3350 2149 3401 veram
2200 3350 2439 3400 eruere
2494 3324 2904 3423 legislatoris
2953 3326 3376 3400 voluntatem
3395 3385 3416 3415 ‚
3467 3352 3638 3426 qua-

576 3449 769 3519 tenus
816 3444 1013 3519 illam
1062 3451 1323 3519 certam
1378 3444 1486 3517 vel
1533 3444 1963 3543 probabilem
2012 3445 2400 3545 patefacere
2449 3453 2699 3543 queat,
2751 3444 2922 3543 quid
2971 3446 3206 3519 vetat?

666 3564 905 3639 Unum
970 3571 1201 3639 tamen
1252 3563 1381 3637 hoo
1428 3588 1700 3663 semper
1744 3564 2125 3637 tenendum
2149 3621 2169 3652 ,
2218 3563 2432 3637 ICtos
2495 3562 2850 3637 Romanos
2901 3562 3244 3660 quidquid
3263 3619 3282 3651 ‚
3334 3570 3418 3635 ut
3460 3562 3632 3637 vidi·

580 3706 763 3771 mus,
830 3684 907 3757 in
954 3684 1525 3781 interpretatione
1579 3691 2153 3757 testamentorum
2203 3691 2489 3770 curent,
2537 3706 2630 3756 ne
2677 3681 2904 3755 verbis
2947 3690 3227 3780 propter
3275 3706 3634 3781 praesum·

580 3807 715 3879 tam
752 3802 1183 3880 voluntatem
1238 3827 1367 3891 sua
1414 3802 1747 3902 eripiatur
1790 3803 2203 3902 significatio
2250 3846 2347 3863 -
2375 3802 2446 3875 in
2499 3801 2773 3900 legibus
2813 3790 3370 3901 interpretandis
3392 3802 3636 3877 maiori

581 3920 885 3999 libertate
956 3923 1171 3999 fuisse
1248 3947 1409 3997 usos
1486 3947 1716 4023 neque
1790 3948 2063 4023 semper
2134 3925 2317 3998 intra
2383 3922 2704 3998 arctiores
2768 3920 3353 4019 interpretationis
3425 3922 3639 3997 edicti

580 4040 743 4117 fines
792 4043 1219 4131 substitisse3
1272 4068 1516 4117 verum
1540 4102 1561 4131 ‚
1612 4040 1801 4141 quod
1852 4065 1978 4115 suo
2026 4040 2177 4134 iure
2216 4040 2302 4113 iis
2346 4039 2569 4114 facere
2613 4037 2882 4112 licitum
2924 4045 3103 4128 erat,
3154 4064 3240 4114 ex
3287 4040 3634 4138 aequitate

578 4160 685 4237 ius
728 4163 963 4261 potius
1006 4162 1449 4237 constituisse
1506 4187 1717 4262 quam
1760 4161 1872 4235 ius
1913 4160 2376 4235 constitutum
2419 4158 2854 4259 applicuisse.

674 4282 948 4361 Quodsi
1000 4306 1154 4357 vera
1198 4293 1364 4357 sunt
1403 4308 1582 4383 quae
1626 4282 1989 4378 hucusque
2028 4278 2414 4378 disputavi3
2469 4280 2528 4352 si
2573 4278 2646 4351 et
2682 4278 2836 4375 ipsa
2871 4276 3046 4351 ratio
3086 4276 3390 4351 humana
3432 4276 3636 4363 iubet
3691 4354 3700 4363 ,

578 4398 1017 4501 interpretem
1038 4460 1059 4491 ‚
1127 4402 1251 4501 qui
1315 4403 1741 4477 voluntatem
1806 4399 2101 4474 dicentis
2154 4398 2506 4497 explorare
2566 4405 2638 4471 et
2689 4396 3056 4495 explanare
3106 4395 3371 4494 cupiat,
3423 4384 3630 4469 verba

576 4539 711 4593 non
770 4529 1043 4595 tantum
1104 4520 1440 4620 inspicere
1502 4521 1625 4595 sed
1672 4528 1977 4594 mentem
2030 4519 2241 4593 etiam
2293 4543 2436 4617 qua
2485 4516 2670 4591 diota
2724 4515 2864 4590 sint
2913 4510 3362 4613 investigare,
3413 4513 3485 4587 et
3523 4514 3630 4612 ip-

580 4660 733 4713 sum
788 4639 967 4713 adeo
1024 4639 1173 4729 ius,
1234 4642 1307 4715 in
1382 4640 1583 4715 cuius
1646 4638 2101 4740 explicatione
2150 4644 2462 4713 versatur
2507 4637 2749 4723 ICtus,
2819 4632 3006 4707 idem
3059 4634 3352 4707 totidem
3403 4632 3629 4707 verbis

579 4758 947 4857 praecipit,
1020 4782 1107 4834 ne
1166 4768 1404 4835 tamen
1458 4761 1795 4837 miremur
1854 4758 1943 4834 de
1991 4758 2247 4857 scripto
2308 4766 2382 4865 et
2441 4758 2782 4833 sententia
2827 4760 2934 4827 tot
2976 4753 3320 4829 exstitisse
3359 4740 3630 4829 contross
