4730 6049
1068 647 1205 716 324
2196 646 2394 714 B.1.
2463 645 2993 712 GRATAMA

1072 854 1579 954 hominumque
1646 855 1827 929 inter
1894 881 1969 930 se
2039 854 2372 954 regundis
2449 853 3121 942 necessitudinibus,
3195 841 3626 932 continetur=
3663 863 3916 932 totum.
4043 857 4128 932 In

1072 974 1261 1050 hisce
1316 976 1535 1074 igitur
1584 975 1761 1049 vitae
1812 975 2448 1050 necessitudinibus
2468 1034 2488 1063 ,
2555 975 2900 1074 variisque
2943 1000 3184 1050 earum
3227 1001 3354 1076 pro
3405 977 3610 1052 variis
3661 976 4013 1052 aetatibus
4059 985 4132 1052 et

1072 1095 1405 1196 gentibus
1456 1095 1697 1169 formis
1743 1101 1813 1170 et
1863 1095 2225 1193 speciebus
2274 1095 2531 1169 iurium
2578 1095 2889 1170 omnium
2935 1121 3146 1171 causa
3190 1097 3417 1196 posita
3465 1097 3816 1172 remotior.
3917 1097 4132 1176 Quod

1072 1214 1260 1290 hisce
1308 1217 1735 1315 postulatur,
1804 1215 2087 1290 tandem
2140 1215 2386 1314 quovis
2439 1215 2648 1289 modo
2694 1215 2768 1290 in
2814 1215 2925 1288 ius
2971 1216 3122 1290 abit
3164 1217 3566 1316 positivum.
3671 1217 3748 1290 Si
3793 1240 3934 1292 non
3977 1239 4129 1317 per·

1070 1336 1362 1434 spicitur
1399 1336 1618 1424 clare,
1670 1335 1965 1409 sentitur
2009 1341 2244 1410 tamen
2292 1336 2607 1411 obscure.
2710 1335 2787 1408 Si
2833 1335 3174 1436 principia
3221 1337 3438 1412 latent
3487 1345 3559 1411 et
3598 1337 3921 1436 fugiunt,
3970 1362 4138 1436 oon2

1072 1465 1399 1530 sentanea
1457 1463 1689 1529 tamen
1757 1455 1831 1530 in
1893 1454 2305 1553 populorum
2373 1455 2792 1529 conscientia
2854 1463 3260 1555 emergunt,
3325 1464 3399 1532 et
3457 1456 3532 1531 in
3587 1456 3804 1532 vitam
3861 1455 4131 1531 civilem

1070 1585 1572 1676 prorumpunt,
1622 1575 1983 1674 prostratis
2028 1600 2208 1672 quae
2258 1575 2634 1649 obstabant
2679 1574 3030 1652 omnibus,
3103 1577 3214 1650 Ex
3269 1577 3452 1652 vitae
3493 1576 3714 1676 igitur
3753 1575 4130 1651 necessitu-

1071 1696 1357 1770 dinibus
1418 1696 1531 1769 ius
1594 1695 1977 1794 explicatur
2042 1701 2114 1768 et
2185 1695 2676 1792 explicandum
2725 1703 2834 1769 est
2884 1695 3299 1794 positivum,
3369 1720 3458 1772 ex
3530 1696 3618 1772 iis
3687 1695 4132 1796 perscrutatis

1072 1815 1361 1892 latentia
1408 1815 1527 1889 illa
1570 1814 1876 1888 eruenda
1924 1821 2091 1888 sunt
2137 1814 2496 1913 principia.

1175 1935 1315 2011 Sed
1354 1959 1491 2009 non
1533 1934 1800 2008 minore
1834 1932 2075 2008 ardore
2109 1933 2376 2009 huncce
2414 1935 2500 2009 de
2541 1933 2720 2008 vitae
2757 1934 3388 2010 necessitudinibus
3425 1935 3876 2012 excoluerunt
3905 1934 4132 2010 locum

1073 2055 1247 2129 iuris
1297 2056 1632 2129 naturalis
1700 2053 1822 2152 qui
1873 2062 2043 2127 tunc
2092 2063 2289 2129 erant
2335 2055 2628 2153 patroni.
2729 2055 2839 2128 Ex
2890 2055 3070 2130 vitae
3122 2054 3720 2131 necessitudinum
3769 2060 4022 2130 natura
4062 2054 4137 2129 hi

1076 2199 1356 2274 quoque
1420 2175 1561 2248 iam
1626 2174 1797 2247 iuris
1866 2173 2145 2272 regulas
2210 2173 2656 2249 deducendas
2713 2181 2785 2248 et
2832 2175 3244 2250 derivandas
3295 2199 3446 2250 esse
3497 2173 3904 2252 statuebant
3925 2233 3948 2263 ,
3995 2196 4133 2248 non

1071 2294 1199 2368 has
1252 2294 1340 2366 ad
1390 2293 1873 2391 qualecunque
1914 2292 2329 2392 principium
2354 2351 2374 2381 ,
2430 2293 2621 2392 quod
2668 2303 3166 2393 praeconcepta
3213 2293 3348 2369 sibi
3399 2294 3938 2370 informaverant
3987 2293 4132 2393 opi·

1070 2414 1279 2488 nione
1302 2471 1321 2501 ,
1372 2412 1769 2512 exigendas.
1868 2413 1962 2486 Et
2008 2413 2081 2486 hi
2123 2437 2211 2486 ex
2261 2414 2440 2488 vitae
2487 2414 3116 2489 nesessitudinibus
3161 2413 3374 2514 ipsis,
3423 2415 3600 2514 quid
3643 2439 3884 2488 earum
3932 2413 4134 2488 ferret

1076 2542 1147 2608 et
1208 2535 1589 2633 postularet
1654 2539 1902 2607 natura
1924 2591 1944 2622 ,
2016 2532 2456 2608 efficiendum
2518 2535 2906 2634 putabant,
2976 2559 3104 2634 pro
3171 2535 3478 2610 humana
3531 2533 4010 2608 imbecillitate
4062 2559 4134 2609 se

1072 2654 1284 2730 rebus
1349 2655 1486 2729 iam
1560 2653 2003 2727 subiicientes
2025 2711 2045 2740 ,
2113 2678 2275 2727 cum
2322 2653 2457 2727 sibi
2511 2678 2622 2729 res
2665 2654 3010 2729 subiicere
3056 2655 3530 2755 antiquiorum
3577 2655 3752 2730 iuris
3803 2654 4135 2731 naturalis

1076 2774 1437 2848 doctorum
1482 2773 1623 2847 fere
1667 2772 1801 2845 sibi
1855 2772 2177 2846 sumebat
2222 2773 2597 2848 temeritas.
2697 2775 3062 2849 Praeterea
3106 2774 3198 2850 ad
3241 2799 3474 2850 rerum
3503 2774 4132 2850 necessitudinum-

1077 2919 1216 2994 que
1260 2903 1583 2968 naturam
1632 2892 1867 2967 omnia
1907 2892 2278 2967 referentes
2302 2951 2322 2982 ,
2375 2893 2561 2992 ipsos
2604 2917 2840 2967 earum
2892 2919 3017 2993 pro
3061 2894 3266 2969 variis
3309 2893 3658 2969 aetatibus
3701 2907 3772 2968 et
3808 2893 4136 2993 gentibus

1078 3013 1373 3089 varietas
1423 3012 1665 3109 fugere
1712 3038 1851 3087 non
1900 3012 2131 3113 potuit
2151 3071 2170 3101 ,
2224 3038 2404 3111 quae
2458 3011 2745 3088 historia
2789 3021 2863 3088 et
2909 3013 3334 3115 experientia
3377 3014 3650 3090 obtinet
3693 3021 3894 3089 teste.

1180 3133 1293 3207 Sic
1364 3133 1717 3231 utrimque
1788 3134 1929 3208 iam
1996 3131 2499 3231 provocabatur
2556 3133 2648 3208 ad
2725 3134 3081 3209 historiam
3146 3144 3218 3208 et
3269 3160 3504 3210 rerum
3555 3142 3912 3210 naturam:
3975 3133 4132 3207 hinc

1076 3252 1216 3327 iam
1276 3251 1449 3325 iuris
1508 3252 1787 3352 positivi
1827 3252 2234 3341 auctoritaS,
2294 3253 2484 3327 illinc
2551 3253 2692 3327 iam
2750 3278 2981 3328 rerum
3033 3262 3321 3331 naturae
3343 3314 3364 3345 ,
3414 3254 3890 3354 philosophiae
3938 3278 4128 3351 mag·

1076 3397 1248 3447 num
1316 3373 1822 3473 agnoscebatur
1892 3381 2347 3448 momentum.
2449 3371 2824 3471 Utrimque
2885 3372 2958 3447 in
3017 3373 3260 3449 eodem
3311 3372 3432 3447 illo
3477 3374 3566 3449 de
3611 3373 3790 3447 vitae
3839 3372 4128 3448 necessi-

1077 3493 1445 3567 tudinibus
1513 3494 1660 3567 loco
1726 3492 2143 3567 elaborando
2193 3491 2669 3567 desudabatur
2687 3550 2706 3580 ,
2775 3517 2818 3568 a
2868 3517 3010 3592 quo
3055 3492 3371 3567 omnium
3413 3492 3554 3567 iam
3600 3492 3744 3567 fere
3788 3492 4128 3591 quaestio-

1078 3636 1251 3686 num
1302 3610 1709 3711 sperabatur
1756 3610 2025 3687 solutio.
2130 3612 2389 3686 Merito
2440 3612 2658 3712 igitur
2705 3614 2877 3687 mihi
2926 3614 3194 3689 dictum
3241 3614 3458 3688 fuisse
3509 3614 3820 3703 videtur,
3869 3614 3961 3688 ab
4005 3614 4131 3688 hoc

1080 3731 1246 3803 inde
1284 3738 1596 3828 tempore
1630 3729 2019 3805 scholarum
2070 3754 2374 3805 cessasse
2405 3732 2771 3807 discrimen
2793 3790 2814 3821 ,
2865 3732 3288 3833 superfuisse
3327 3740 3606 3809 tantum
3639 3741 3766 3809 aut
3802 3730 4132 3833 propositi

1081 3855 1207 3922 aut
1254 3849 1661 3947 opinionum
1709 3849 2199 3927 diversitatem.

1184 3966 1297 4039 Sic
1338 3968 1647 4041 certatim
1694 3968 1876 4042 vitae
1926 3969 2271 4045 humanae
2318 3970 2867 4047 necessitudines
2913 3980 3080 4047 sunt
3125 3971 3554 4072 exploratae,
3603 3971 3707 4047 vis
3753 3980 3827 4047 et
3871 3970 4132 4045 indoles

1084 4109 1323 4159 earum
1370 4084 1741 4183 indagatae
1763 4144 1783 4173 ,
1832 4088 2057 4162 variae
2108 4089 2370 4188 species
2418 4090 2762 4165 indicatae
2813 4098 2887 4165 et
2935 4090 3234 4181 formae,
3283 4116 3534 4167 causae
3586 4116 3866 4191 quoque
3911 4091 4131 4166 inves-

1086 4204 1346 4303 tigatae
1368 4263 1387 4293 ,
1456 4204 1742 4279 effectus
1805 4206 2105 4303 denique
2164 4232 2301 4283 non
2351 4208 2652 4308 neglecti
2695 4209 2766 4284 in
2813 4210 3340 4310 prosperitatem
3392 4211 3744 4311 publicam
3791 4218 3864 4285 et
3913 4208 4132 4309 priva-

1085 4330 1254 4397 tam.
1355 4322 1665 4398 Effectus
1713 4325 1840 4399 hos
1886 4324 1960 4399 in
2014 4326 2537 4425 prosperitatem
2579 4328 2928 4424 publicam
2965 4336 3038 4403 et
3075 4328 3416 4429 privatam
3456 4330 3600 4405 fere
3643 4328 4134 4429 neglexerunt,

1086 4442 1405 4541 inprimis
1474 4452 1773 4517 exeunte
1827 4444 2053 4543 priore
2102 4456 2175 4519 et
2224 4445 2514 4521 ineunte
2560 4448 2772 4523 hocce
2827 4449 3098 4524 saeculo
3115 4506 3136 4537 ,
3195 4449 3366 4524 iuris
3418 4449 3754 4525 naturalis
3805 4447 4137 4524 doctores.

1085 4560 1251 4634 Non
1293 4560 1391 4635 ita
1441 4562 1869 4661 antiquiores
1890 4621 1910 4652 ,
1962 4586 2319 4655 onorius,
2371 4588 2831 4657 nonanus,
2881 4589 3454 4646 rursnmnrms.
3555 4567 3698 4644 Sed
3743 4592 3886 4668 quo
3915 4564 4140 4665 magis

1091 4679 1265 4753 iuris
1319 4682 1655 4757 naturalis
1715 4682 2013 4759 doctoris
2067 4684 2291 4759 officio
2350 4686 2678 4775 deerant,
2747 4710 2889 4786 quo
2949 4686 3178 4786 magis
3229 4689 3414 4765 intra
3461 4690 3748 4766 unicum
3799 4711 4008 4763 suum
4069 4709 4140 4760 se

1098 4798 1545 4874 continebant
1604 4801 1779 4877 iuris
1845 4802 2265 4905 principium
2288 4862 2309 4893 ,
2375 4806 2470 4881 ad
2530 4806 2720 4907 quod
2769 4806 3112 4906 exigenda
3157 4806 3301 4883 sive
3344 4808 3580 4909 potius
3627 4806 4144 4907 contorquenda
