4730 6049
1892 657 2454 732 onAr1o.
2961 639 2965 642 ’
3605 661 3693 731 w

639 866 962 969 physicas
1015 891 1437 967 organorum
1492 865 1914 966 mutationes
1934 925 1956 957 ,
2019 891 2193 968 quas
2236 867 2702 946 aberrationes
2750 869 2823 946 in
2864 871 3075 946 modo
3114 896 3257 972 quo
3298 869 3688 948 functiones

638 987 1010 1090 perficiunt
1043 987 1342 1088 reperire
1374 989 1714 1088 possum?
1813 988 2012 1064 Haec
2049 995 2286 1064 autem
2331 989 2443 1065 via
2478 1014 2559 1065 ac
2597 991 2773 1067 ratio
2787 1050 2809 1082 ,
2854 992 3046 1092 quod
3083 991 3287 1068 nobis
3327 1015 3481 1066 vere
3511 989 3687 1068 vati·

636 1106 852 1187 cinari
886 1132 1092 1208 posse
1125 1106 1444 1184 videmur
1457 1166 1478 1198 ,
1519 1131 1880 1208 nunquam
1926 1107 2000 1184 in
2040 1117 2395 1209 posterum
2435 1109 2867 1210 relinquetur
2887 1170 2908 1203 ,
2956 1113 3101 1188 sola
3134 1111 3321 1188 enim
3363 1119 3471 1187 est
3502 1132 3684 1214 quae

637 1230 780 1306 fide
829 1228 922 1304 sit
969 1227 1220 1329 digna,
1293 1228 1436 1304 sola
1479 1228 1596 1304 cui
1642 1253 1884 1304 verum
1925 1229 2318 1306 subiectum
2371 1229 2495 1321 sit,
2545 1231 2873 1332 quodque
2914 1255 3156 1312 verum
3197 1237 3304 1307 est
3350 1230 3540 1308 idem
3580 1235 3691 1308 est

643 1349 1166 1450 sempiternum.
1505 1422 1534 1446 ,
2429 1383 2432 1386 ·

743 1469 824 1558 si
881 1494 1040 1545 vero
1108 1467 1497 1544 observatio
1561 1492 1796 1545 revera
1847 1468 2260 1569 cognitionis
2305 1477 2379 1546 et
2426 1469 2886 1570 experientiae
2951 1469 3107 1545 fons
3155 1470 3513 1571 putandus
3560 1469 3695 1545 erit

641 1589 914 1666 medico
933 1647 954 1680 ,
979 1590 1105 1665 fiat
1146 1613 1426 1664 necesse
1465 1595 1572 1664 est
1590 1647 1612 1678 ,
1649 1588 1936 1664 abiectis
1954 1589 2400 1690 opinionibus
2432 1588 2919 1691 praeiudicatis
2936 1649 2957 1680 ,
2994 1599 3151 1665 tum
3170 1614 3330 1665 vero
3364 1589 3691 1665 omnibus
3832 1577 3837 1582 ’

639 1709 956 1810 partibus
1029 1709 1121 1783 sit
1171 1709 1490 1786 absoluta
1507 1767 1530 1800 ,
1578 1717 1790 1809 atque
1837 1710 1936 1787 ita
1995 1710 2373 1786 admoneor
2428 1720 2510 1786 ut
2557 1709 2856 1786 breviter
2904 1710 3080 1786 duas
3128 1709 3532 1810 praecipuas
3578 1734 3690 1785 res

639 1829 982 1929 attingam
1005 1886 1026 1917 ,
1100 1828 1359 1930 quibus
1427 1855 1538 1907 ars
1607 1830 2018 1907 observandi
2077 1839 2313 1907 nostro
2375 1839 2685 1930 tempore
2733 1829 2966 1906 differt
3017 1829 3107 1905 ab
3164 1855 3247 1907 ea
3290 1855 3469 1931 quae
3520 1830 3689 1906 olim

609 1956 788 2026 ‘erat
831 1949 909 2024 in
956 1949 1234 2026 honore.

737 2067 1093 2144 Prioribus
1156 2066 1588 2167 temporibus
1655 2068 1872 2168 igitur
1936 2069 2320 2168 plurimum
2396 2068 2834 2145 tribuebatur
2899 2069 3227 2145 omnibus
3294 2069 3381 2144 iis
3417 2127 3439 2158 ,
3509 2093 3689 2168 quae

639 2211 844 2288 aeger
891 2187 982 2263 de
1047 2213 1122 2263 se
1165 2212 1440 2264 narrare
1488 2196 1780 2287 poterat.
1882 2190 2346 2269 Quaestiones
2393 2188 2705 2264 medicus
2749 2189 3217 2291 proponebat,
3289 2189 3549 2289 quibus
3600 2189 3689 2264 ab

639 2331 846 2407 aegro
893 2307 1483 2409 respondebatur3
1535 2333 1677 2408 quo
1731 2308 2106 2386 crebriores
2157 2336 2279 2386 eae
2329 2311 2767 2410 quaestiones
2812 2317 3041 2400 erant,
3091 2334 3231 2409 quo
3276 2309 3695 2386 accuratiora

640 2451 1002 2528 responsa,
1051 2454 1192 2528 quo
1235 2427 1486 2504 melius
1539 2453 1744 2531 aeger
1783 2429 2170 2528 significare
2203 2438 2529 2530 poterat,
2579 2455 2791 2529 quam
2850 2430 3074 2506 morbi
3133 2454 3415 2506 causam
3458 2429 3691 2506 crede-

639 2555 781 2637 ret,
852 2547 1026 2647 quid
1093 2548 1418 2638 sentiret,
1491 2574 1632 2648 quo
1704 2549 2192 2649 impediretur,
2243 2575 2324 2624 eo
2376 2550 2625 2626 melius
2677 2550 2987 2624 medicus
3032 2548 3354 2625 morbum
3414 2574 3489 2624 se
3532 2547 3691 2649 cog-

639 2692 920 2744 noscere
997 2659 1362 2756 credebat,
1431 2667 1766 2744 fidentius
1831 2668 2138 2744 remedia
2171 2667 2744 2768 praescribebat,
2813 2667 3072 2744 certius
3128 2669 3433 2744 futuram
3504 2669 3695 2768 aegri

645 2793 900 2864 sortem
961 2787 1350 2884 praedicere
1421 2789 1748 2864 audebat.
1851 2786 1928 2862 Si
1981 2812 2141 2863 vero
2199 2787 2419 2864 animi
2465 2788 2805 2877 conditiO,
2869 2796 2993 2864 aut
3036 2795 3271 2862 tenera
3319 2812 3695 2887 puerorum

645 2914 834 2984 aetas
879 2905 1240 2996 obstabat,
1289 2931 1380 2983 ne
1427 2932 1634 3008 aeger
1673 2909 1826 3008 ipse
1867 2933 2069 2984 sensa
2103 2909 2517 3009 exprimeret
2557 2908 3163 3007 interrogabantur
3197 2906 3570 3008 propinqui
3616 2915 3696 2982 ut

644 3052 732 3104 ex
792 3027 904 3103 his
975 3027 1218 3104 saltem
1283 3028 1737 3129 reperiretur,
1806 3031 1980 3129 quid
2029 3054 2235 3130 aeger
2285 3031 2539 3106 sentire
2591 3030 2933 3128 potuisset
2979 3037 3104 3106 aut
3152 3054 3339 3104 nunc
3388 3030 3693 3105 sentiret.

643 3148 868 3222 Erant
933 3147 1153 3247 igitur
1215 3147 1534 3247 inprimis
1600 3158 2064 3249 symptomata
2125 3174 2304 3250 quae
2369 3150 2697 3225 dicuntur
2752 3151 3135 3227 subiectiva
3177 3149 3434 3248 quibus
3483 3148 3698 3247 pluri-

647 3292 849 3343 mum
915 3265 990 3341 in
1061 3267 1382 3367 diagnosi
1423 3274 1496 3344 et
1561 3270 1890 3369 prognosi
1925 3269 2416 3347 tribuebatur.
2518 3273 2683 3349 Quo
2748 3269 3009 3345 factum
3068 3277 3176 3344 est
3240 3276 3321 3345 ut
3384 3268 3699 3343 homines

647 3411 852 3487 saepe
915 3386 988 3463 in
1053 3412 1312 3463 errores
1382 3388 1876 3465 inducerentur
1923 3400 2048 3467 aut
2103 3389 2180 3465 in
2234 3390 2567 3490 ambiguo
2618 3399 2869 3466 essent.
2970 3389 3179 3463 Brevi
3230 3388 3548 3489 exemplo
3621 3387 3699 3461 id

623 3519 638 3528 “
654 3505 1037 3585 ostendam.
1139 3508 1478 3586 Queritur
1531 3508 1784 3609 aliquis
1829 3511 1918 3585 de
1975 3511 2403 3611 cephalalgia
2448 3518 2521 3585 et
2569 3509 3043 3609 gastricismus
3086 3516 3211 3585 aut
3255 3507 3391 3583 alvi
3444 3507 3697 3581 consti-

647 3626 836 3726 patio
902 3633 1010 3701 est
1069 3626 1279 3703 huius
1342 3628 1444 3703 rei
1503 3654 1734 3705 causa.
1813 3628 2136 3704 Medicus
2199 3636 2481 3705 vocatur
2540 3628 2632 3703 ad
2697 3627 3029 3702 feminam
3099 3650 3279 3724 quae
3325 3649 3585 3699 nausea
3626 3633 3699 3699 et

645 3746 1205 3846 praecordiorum
1272 3747 1505 3851 dolore
1572 3748 1878 3839 laborat,
1949 3754 2160 3847 atque
2230 3748 2447 3848 igitur
2513 3747 2589 3822 in
2656 3746 3009 3822 stomacho
3074 3744 3397 3820 morbum
3463 3745 3701 3819 sedem

648 3865 902 3941 habere
953 3867 1173 3942 credit
1191 3926 1212 3957 ,
1278 3892 1499 3967 quum
1547 3868 1816 3945 instans
1861 3868 2230 3969 eclampsia
2276 3866 2563 3944 morbus
2625 3866 3019 3967 systematis
3069 3865 3339 3941 nervosi
3384 3864 3691 3941 cerebro·

650 3986 933 4086 spinalis
977 3986 1334 4063 subiectus
1385 3988 1497 4065 sit.

744 4108 886 4181 Fac
939 4114 1178 4182 autem
1223 4107 1324 4183 ita
1371 4108 1582 4183 errari
1622 4132 1760 4183 non
1817 4132 2059 4207 posse,
2131 4107 2535 4183 indicaverit
2580 4105 2807 4181 omnis
2856 4130 3061 4206 aeger
3113 4130 3453 4205 organum
3506 4103 3695 4179 labo-

647 4251 808 4303 rans
855 4235 997 4303 tam
1041 4233 1228 4303 certo
1276 4234 1357 4304 ut
1398 4228 1474 4303 in
1524 4227 1822 4305 dubium
1865 4228 2088 4303 vocari
2136 4252 2275 4303 non
2331 4227 2591 4325 possit,
2640 4234 2795 4303 tum
2854 4240 3134 4327 quo‘que
3191 4225 3343 4300 eius
3406 4233 3697 4323 questus

650 4372 804 4423 raro
868 4370 1096 4423 veram
1162 4347 1467 4423 indolem
1529 4355 1654 4425 aut
1710 4348 2061 4449 propriam
2120 4348 2262 4423 vim
2331 4346 2557 4423 morbi
2619 4346 2988 4422 declarant.
3089 4344 3303 4419 Multi
3346 4351 3699 4442 praeterea

651 4466 1136 4557 inveniuntur,
1205 4469 1330 4568 qui
1390 4468 1608 4545 animi
1653 4467 1944 4543 mollitia
1991 4467 2064 4543 in
2113 4467 2479 4568 questibus
2510 4466 2811 4543 'modum
2852 4466 3189 4540 excedant
3231 4470 3354 4536 aut
3404 4462 3480 4537 in
3534 4486 3695 4536 con-

653 4587 942 4663 trarium
1006 4586 1254 4663 vitium
1319 4587 1674 4663 incurrant
1733 4595 1802 4661 et
1852 4588 2028 4663 seria
2075 4596 2539 4688 symptomata
2584 4612 2711 4686 pro
2758 4585 2976 4660 nihilo
3020 4582 3321 4659 habeant
3371 4588 3495 4656 aut
3534 4605 3695 4657 con-

657 4706 840 4781 sulto
901 4691 1253 4783 reticeant.
1355 4707 1458 4782 Ut
1515 4730 1665 4783 rem
1732 4731 1876 4782 uno
1949 4706 2154 4781 verbo
2214 4706 2605 4795 absolvam,
2672 4702 3011 4803 quamdiu
3065 4701 3140 4775 in
3197 4699 3423 4775 morbi
3490 4726 3703 4777 causa

657 4825 1103 4903 diiudicanda
1157 4826 1523 4928 praecipue
1585 4831 2051 4927 symptomata
2111 4824 2491 4901 subiectiva
2553 4821 3128 4912 attendebantur,
3196 4819 3467 4895 tamdiu
3530 4844 3699 4919 quo-
