4730 6049
1682 666 2069 735 SERIES
2137 668 2796 737 LECTIONUM.
3681 670 3764 735 95

916 874 1359 952 Anatomiam
1407 875 1797 976 generalem
1817 934 1839 965 ,
1903 875 2606 953 demonstrationibus
2663 878 3164 979 microsoopicis
3214 880 3371 954 illu-

1008 1003 1293 1075 stratam
1317 1056 1339 1087 ,
1387 1003 1725 1097 exponet,
1776 996 1889 1071 die
1930 996 2219 1071 Veneris
2237 1055 3208 1087 ..............
3260 1000 3427 1075 hora
3451 1001 3525 1073 II
3539 998 3758 1073 -IV.

910 1116 1273 1192 Exercitiis
1340 1116 1659 1217 practicis
1726 1116 1801 1190 in
1864 1116 2339 1216 Microscopii.
2375 1140 2509 1191 usu
2561 1117 2857 1216 praeerit
2915 1118 3100 1192 horis
3143 1120 3368 1193 Audi-

1009 1237 1281 1313 toribus
1320 1236 1725 1312 commodis,

911 1357 1401 1433 Vincturarum
1437 1364 1509 1431 et
1544 1355 1911 1431 fasciarum
1937 1354 2343 1431 Doctrinam
2367 1354 2868 1431 demonstrabit
2896 1355 3362 1435 horisdeinde

1006 1476 1421 1552 indicandis.

720 1612 790 1672 G.
826 1614 899 1673 Δ.
940 1611 1017 1671 x.
1059 1612 1133 1672 G.
1172 1610 1241 1671 F.
1280 1608 1707 1680 SIOHEREB‚
1747 1594 2139 1670 Literarum
2184 1595 2754 1691 Germanicarum
2797 1596 3082 1685 Lector,
3128 1596 3376 1672 selecta

812 1717 1205 1819 principum
1240 1718 1615 1792 Poetarum
1665 1716 2216 1815 germanicorum
2268 1716 2571 1792 carmina
2610 1718 3046 1817 interpretari
3096 1724 3376 1816 paratus

813 1846 959 1928 est,
1031 1837 1242 1912 simul
1300 1836 1376 1911 id
1434 1844 1721 1911 acturus
1740 1895 1761 1925 ,
1814 1846 1894 1910 ut
1936 1834 2045 1910 his
2088 1836 2258 1936 ipsis
2300 1837 2636 1937 exemplis
2683 1838 2868 1913 varia
2917 1839 3214 1912 Poeseos
3258 1862 3376 1935 ge-

812 1981 978 2055 nera
1024 1956 1320 2057 explicet
1366 1954 1850 2031 Auditoribus.

912 2079 989 2153 Si
1034 2078 1161 2178 qui
1206 2077 1347 2151 sint
1391 2076 1710 2177 Linguae
1771 2077 2203 2177 germanicae
2252 2078 2488 2152 minus
2542 2078 2788 2179 periti,
2840 2078 2965 2177 qui
3016 2079 3378 2153 Gramma·

1005 2198 1217 2272 ticam
1272 2196 1501 2271 doceri
1551 2196 1877 2297 cupiant,
1928 2196 2037 2271 his
2086 2221 2364 2297 quoque
2420 2197 2900 2273 lubentissime
2943 2198 3235 2275 vacabit.

712 2334 783 2394 P.
821 2332 926 2393 DE
965 2329 1210 2404 JONG,
1252 2316 1640 2392 Literarum
1681 2317 2113 2391 Persicarum
2152 2325 2223 2392 et
2259 2316 2702 2393 'ruminatum
2744 2317 3021 2407 Lector,
3065 2318 3377 2417 linguam

814 2436 1162 2513 Persicam
1200 2444 1271 2511 et
1306 2435 1669 2512 Turcicam
1717 2435 1993 2511 docebit
2038 2460 2188 2525 eoa,
2241 2437 2367 2535 qui
2411 2437 2496 2511 iis
2533 2460 2811 2536 operam
2854 2462 3103 2512 navare
3142 2438 3373 2513 velint.

712 2930 783 2991 C.
828 2930 905 2991 G.
944 2928 1315 2989 LOKKERS
1334 2972 1351 3000 ,
1412 2914 1873 2990 Academicus
1931 2914 2127 2989 Artis
2194 2914 2640 3015 gladiatoriae
2714 2912 3086 3013 Magister,
3138 2922 3382 3012 aptum

813 3044 889 3112 et
938 3037 1325 3136 elegantem
1371 3036 1586 3136 gladii
1632 3061 1843 3111 usum
1886 3035 2182 3111 docebit.
